bid,ask,bid_vol,ask_vol,time
1.12365,1.12368,1200000.0477,1690000.0572,2019-03-29T12:45:00.084000Z
1.12365,1.1236700000000002,1200000.0477,1120000.0048,2019-03-29T12:45:00.487000Z
1.12365,1.12368,1200000.0477,2400000.0954,2019-03-29T12:45:00.590000Z
1.12364,1.1236700000000002,2319999.9332,10890000.3433,2019-03-29T12:45:00.643000Z
1.12362,1.12364,2700000.0477,1250000.0,2019-03-29T12:45:00.747000Z
1.1236000000000002,1.12364,6469999.7902,2500000.0,2019-03-29T12:45:00.877000Z
1.1236000000000002,1.12364,7539999.9619,3190000.0572,2019-03-29T12:45:01.183000Z
1.12361,1.12364,7969999.7902,1000000.0,2019-03-29T12:45:01.286000Z
1.12363,1.1236700000000002,4199999.8093,6190000.0572,2019-03-29T12:45:01.433000Z
1.12363,1.12366,7570000.1717,3000000.0,2019-03-29T12:45:01.535000Z
1.12363,1.1236700000000002,2700000.0477,5440000.0572,2019-03-29T12:45:01.637000Z
1.12362,1.12365,6789999.9619,1120000.0048,2019-03-29T12:45:01.739000Z
1.12361,1.12364,1950000.0477,1370000.0048,2019-03-29T12:45:01.900000Z
1.12361,1.12364,1100000.0238,6239999.7711,2019-03-29T12:45:02.002000Z
1.1236000000000002,1.12363,3069999.9332,1250000.0,2019-03-29T12:45:02.326000Z
1.12361,1.12363,1000000.0,3190000.0572,2019-03-29T12:45:02.428000Z
1.1236000000000002,1.12363,3069999.9332,1690000.0572,2019-03-29T12:45:02.617000Z
1.12361,1.12363,1000000.0,1690000.0572,2019-03-29T12:45:03.858000Z
1.1236000000000002,1.12363,3069999.9332,1250000.0,2019-03-29T12:45:03.968000Z
1.12361,1.12363,1000000.0,2440000.0572,2019-03-29T12:45:04.071000Z
1.1236000000000002,1.12363,3069999.9332,1250000.0,2019-03-29T12:45:04.185000Z
1.12361,1.12363,1500000.0,1250000.0,2019-03-29T12:45:04.434000Z
1.1236000000000002,1.12363,4570000.1717,1250000.0,2019-03-29T12:45:04.536000Z
1.12361,1.12363,1000000.0,3190000.0572,2019-03-29T12:45:04.638000Z
1.1236000000000002,1.12363,3069999.9332,1250000.0,2019-03-29T12:45:04.791000Z
1.12361,1.12364,1970000.0286,1690000.0572,2019-03-29T12:45:04.974000Z
1.12361,1.12364,4199999.8093,3190000.0572,2019-03-29T12:45:05.078000Z
1.12361,1.12364,4449999.8093,1000000.0,2019-03-29T12:45:05.916000Z
1.12364,1.1236700000000002,2849999.9046,1250000.0,2019-03-29T12:45:06.018000Z
1.12364,1.1236700000000002,3970000.0286,1250000.0,2019-03-29T12:45:06.121000Z
1.12366,1.12368,1000000.0,1690000.0572,2019-03-29T12:45:06.409000Z
1.12366,1.12368,1100000.0238,1750000.0,2019-03-29T12:45:06.512000Z
1.12365,1.12368,3069999.9332,1750000.0,2019-03-29T12:45:06.665000Z
1.12365,1.12369,2250000.0,3700000.0477,2019-03-29T12:45:08.222000Z
1.12368,1.1237000000000001,1000000.0,3069999.9332,2019-03-29T12:45:08.353000Z
1.12368,1.12371,1000000.0,6260000.2289,2019-03-29T12:45:08.456000Z
1.12368,1.1237000000000001,1870000.0048,1000000.0,2019-03-29T12:45:08.872000Z
1.12368,1.12371,1000000.0,5440000.0572,2019-03-29T12:45:09.404000Z
1.12368,1.1237000000000001,1000000.0,1500000.0,2019-03-29T12:45:10.309000Z
1.12368,1.12371,1000000.0,5440000.0572,2019-03-29T12:45:10.411000Z
1.12368,1.1237000000000001,1000000.0,1500000.0,2019-03-29T12:45:11.433000Z
1.1236700000000002,1.1237000000000001,6070000.1717,3190000.0572,2019-03-29T12:45:12.135000Z
1.1236700000000002,1.12369,2250000.0,4309999.9428,2019-03-29T12:45:12.238000Z
1.12366,1.12369,1200000.0477,2059999.9428,2019-03-29T12:45:12.342000Z
1.12366,1.12368,1000000.0,1000000.0,2019-03-29T12:45:12.444000Z
1.1236700000000002,1.12369,1690000.0572,1000000.0,2019-03-29T12:45:12.812000Z
1.12368,1.12371,1000000.0,7409999.8474,2019-03-29T12:45:12.864000Z
1.1236700000000002,1.12371,4409999.8474,6639999.8665,2019-03-29T12:45:13.018000Z
1.1236700000000002,1.12371,4219999.7902,10449999.8093,2019-03-29T12:45:13.121000Z
1.1236700000000002,1.12371,5159999.8474,8890000.3433,2019-03-29T12:45:13.285000Z
1.12368,1.1237000000000001,1100000.0238,1000000.0,2019-03-29T12:45:13.388000Z
1.1236700000000002,1.12371,7039999.9619,8890000.3433,2019-03-29T12:45:13.693000Z
1.12368,1.1237000000000001,2319999.9332,2250000.0,2019-03-29T12:45:13.906000Z
1.1236700000000002,1.12371,7159999.8474,6940000.0572,2019-03-29T12:45:14.286000Z
1.12368,1.1237000000000001,1200000.0477,1500000.0,2019-03-29T12:45:14.388000Z
1.1236700000000002,1.12371,5289999.9619,7690000.0572,2019-03-29T12:45:14.492000Z
1.12368,1.12369,2700000.0477,1250000.0,2019-03-29T12:45:14.597000Z
1.1236700000000002,1.12369,3450000.0477,1250000.0,2019-03-29T12:45:15.222000Z
1.12366,1.12368,2700000.0477,1250000.0,2019-03-29T12:45:15.325000Z
1.12365,1.12368,3450000.0477,4000000.0,2019-03-29T12:45:15.377000Z
1.12365,1.12368,4199999.8093,3190000.0572,2019-03-29T12:45:15.626000Z
1.12366,1.12368,1100000.0238,1250000.0,2019-03-29T12:45:15.730000Z
1.12366,1.1236700000000002,1200000.0477,1000000.0,2019-03-29T12:45:17.062000Z
1.12366,1.12369,3640000.1049,5440000.0572,2019-03-29T12:45:17.114000Z
1.12366,1.12369,1100000.0238,3690000.0572,2019-03-29T12:45:17.392000Z
1.12365,1.12368,2700000.0477,1120000.0048,2019-03-29T12:45:17.545000Z
1.12365,1.1236700000000002,3450000.0477,1000000.0,2019-03-29T12:45:18.676000Z
1.12365,1.12368,2700000.0477,1000000.0,2019-03-29T12:45:18.934000Z
1.12366,1.1236700000000002,1100000.0238,1000000.0,2019-03-29T12:45:19.240000Z
1.12366,1.12368,1570000.0525,1500000.0,2019-03-29T12:45:19.342000Z
1.1236700000000002,1.12368,1000000.0,1000000.0,2019-03-29T12:45:19.938000Z
1.12366,1.12368,2700000.0477,1309999.9428,2019-03-29T12:45:20.040000Z
1.1236700000000002,1.12369,1000000.0,1750000.0,2019-03-29T12:45:20.144000Z
1.12366,1.12368,1200000.0477,2440000.0572,2019-03-29T12:45:21.012000Z
1.12365,1.12368,1200000.0477,5619999.8856,2019-03-29T12:45:21.114000Z
1.12365,1.12368,2849999.9046,4000000.0,2019-03-29T12:45:22.510000Z
1.12365,1.12368,2099999.9046,2440000.0572,2019-03-29T12:45:23.095000Z
1.12365,1.1236700000000002,2470000.0286,1000000.0,2019-03-29T12:45:23.459000Z
1.12365,1.12368,3599999.9046,1250000.0,2019-03-29T12:45:23.562000Z
1.12366,1.1236700000000002,1100000.0238,1000000.0,2019-03-29T12:45:24.322000Z
1.12365,1.12368,2319999.9332,1000000.0,2019-03-29T12:45:24.604000Z
1.12366,1.12368,1120000.0048,1000000.0,2019-03-29T12:45:24.706000Z
1.12366,1.1236700000000002,1120000.0048,1000000.0,2019-03-29T12:45:25.063000Z
1.12365,1.12368,2509999.9905,1250000.0,2019-03-29T12:45:25.373000Z
1.12365,1.12368,1570000.0525,7309999.9428,2019-03-29T12:45:26.346000Z
1.12364,1.12368,1200000.0477,1309999.9428,2019-03-29T12:45:26.448000Z
1.12364,1.1236700000000002,1200000.0477,1500000.0,2019-03-29T12:45:26.550000Z
1.12364,1.12366,3069999.9332,1000000.0,2019-03-29T12:45:28.164000Z
1.12364,1.1236700000000002,1950000.0477,1500000.0,2019-03-29T12:45:28.267000Z
1.12364,1.12365,1100000.0238,4869999.8856,2019-03-29T12:45:28.490000Z
1.12363,1.12365,2890000.1049,1000000.0,2019-03-29T12:45:28.606000Z
1.12363,1.12366,4789999.9619,2059999.9428,2019-03-29T12:45:28.710000Z
1.12363,1.12364,3750000.0,1250000.0,2019-03-29T12:45:32.444000Z
1.12363,1.12364,1000000.0,1000000.0,2019-03-29T12:45:32.547000Z
1.12362,1.12365,1870000.0048,4369999.8856,2019-03-29T12:45:32.650000Z
1.12361,1.12363,1000000.0,1250000.0,2019-03-29T12:45:32.808000Z
1.1236000000000002,1.12363,1000000.0,6690000.0572,2019-03-29T12:45:32.910000Z
1.12359,1.12363,2700000.0477,11159999.8474,2019-03-29T12:45:35.027000Z
1.1236000000000002,1.12362,1000000.0,1100000.0238,2019-03-29T12:45:35.253000Z
1.12359,1.12363,2700000.0477,11159999.8474,2019-03-29T12:45:35.575000Z
1.12359,1.12361,6449999.8093,1870000.0048,2019-03-29T12:45:35.788000Z
1.1236000000000002,1.12361,1120000.0048,1000000.0,2019-03-29T12:45:35.941000Z
1.12359,1.12361,2250000.0,1000000.0,2019-03-29T12:45:36.082000Z
1.1236000000000002,1.12361,1120000.0048,1000000.0,2019-03-29T12:45:36.184000Z
1.12359,1.12361,4119999.8856,1000000.0,2019-03-29T12:45:36.337000Z
1.1236000000000002,1.12361,1120000.0048,1000000.0,2019-03-29T12:45:36.499000Z
1.12359,1.12361,3000000.0,1000000.0,2019-03-29T12:45:36.652000Z
1.12359,1.12362,3000000.0,3750000.0,2019-03-29T12:45:36.808000Z
1.1236000000000002,1.12361,1000000.0,1000000.0,2019-03-29T12:45:38.882000Z
1.12359,1.12361,4119999.8856,1000000.0,2019-03-29T12:45:38.984000Z
1.12359,1.12362,4119999.8856,2250000.0,2019-03-29T12:45:39.194000Z
1.1236000000000002,1.12361,1000000.0,1000000.0,2019-03-29T12:45:39.435000Z
1.12359,1.12362,4119999.8856,2250000.0,2019-03-29T12:45:39.569000Z
1.12359,1.12361,4119999.8856,1000000.0,2019-03-29T12:45:39.671000Z
1.12359,1.12362,4119999.8856,3000000.0,2019-03-29T12:45:39.968000Z
1.1236000000000002,1.12361,1000000.0,1000000.0,2019-03-29T12:45:40.070000Z
1.12359,1.12361,3000000.0,1000000.0,2019-03-29T12:45:40.178000Z
1.12359,1.12362,3000000.0,3750000.0,2019-03-29T12:45:40.280000Z
1.12359,1.12361,3000000.0,1000000.0,2019-03-29T12:45:41.006000Z
1.12359,1.12362,3000000.0,2250000.0,2019-03-29T12:45:41.109000Z
1.1236000000000002,1.12361,1000000.0,1000000.0,2019-03-29T12:45:41.456000Z
1.12359,1.12361,4119999.8856,1000000.0,2019-03-29T12:45:42.359000Z
1.1236000000000002,1.12361,1000000.0,1500000.0,2019-03-29T12:45:42.546000Z
1.12359,1.12362,3369999.8856,7119999.8856,2019-03-29T12:45:42.976000Z
1.12359,1.12361,3750000.0,1000000.0,2019-03-29T12:45:43.078000Z
1.12359,1.12362,2250000.0,3369999.8856,2019-03-29T12:45:43.180000Z
1.12359,1.12363,2319999.9332,8350000.3815,2019-03-29T12:45:43.436000Z
1.12359,1.12362,2319999.9332,1000000.0,2019-03-29T12:45:43.537000Z
1.1236000000000002,1.12362,1000000.0,3809999.9428,2019-03-29T12:45:44.580000Z
1.12359,1.12362,2319999.9332,1000000.0,2019-03-29T12:45:44.826000Z
1.12359,1.12363,2319999.9332,6849999.9046,2019-03-29T12:45:44.969000Z
1.1236000000000002,1.12362,1000000.0,3059999.9428,2019-03-29T12:45:45.552000Z
1.12359,1.12363,3069999.9332,7599999.9046,2019-03-29T12:45:45.654000Z
1.1236000000000002,1.12362,1000000.0,3059999.9428,2019-03-29T12:45:45.756000Z
1.12359,1.12362,3069999.9332,1000000.0,2019-03-29T12:45:46.125000Z
1.12359,1.12363,2319999.9332,7969999.7902,2019-03-29T12:45:47.742000Z
1.12359,1.12362,3069999.9332,1000000.0,2019-03-29T12:45:47.844000Z
1.12359,1.12363,2319999.9332,7969999.7902,2019-03-29T12:45:47.946000Z
1.1236000000000002,1.12362,1000000.0,3059999.9428,2019-03-29T12:45:49.018000Z
1.12359,1.12363,3450000.0477,8720000.267,2019-03-29T12:45:49.120000Z
1.12359,1.12362,4199999.8093,1000000.0,2019-03-29T12:45:49.992000Z
1.12359,1.12363,2700000.0477,7969999.7902,2019-03-29T12:45:50.094000Z
1.12359,1.12362,4500000.0,3059999.9428,2019-03-29T12:45:50.297000Z
1.12359,1.12363,1500000.0,9550000.1907,2019-03-29T12:45:50.399000Z
1.12359,1.12362,3369999.8856,3059999.9428,2019-03-29T12:45:50.724000Z
1.12359,1.12363,1500000.0,8800000.1907,2019-03-29T12:45:51.025000Z
1.12359,1.12362,2250000.0,1500000.0,2019-03-29T12:45:51.127000Z
1.12359,1.12361,1870000.0048,1250000.0,2019-03-29T12:45:51.768000Z
1.12359,1.12361,1250000.0,1000000.0,2019-03-29T12:45:51.871000Z
1.12359,1.12362,1250000.0,6559999.9428,2019-03-29T12:45:51.973000Z
1.12359,1.12361,1690000.0572,1500000.0,2019-03-29T12:45:52.126000Z
1.1235700000000002,1.12359,8699999.8093,1750000.0,2019-03-29T12:45:52.242000Z
1.1235600000000001,1.12359,2470000.0286,1399999.9762,2019-03-29T12:45:52.345000Z
1.12355,1.12359,4219999.7902,6130000.1144,2019-03-29T12:45:52.448000Z
1.12355,1.12359,3099999.9046,8350000.3815,2019-03-29T12:45:52.550000Z
1.12355,1.12359,1950000.0477,4969999.7902,2019-03-29T12:45:52.840000Z
1.12355,1.12358,2140000.1049,1250000.0,2019-03-29T12:45:53.295000Z
1.1235700000000002,1.12359,1120000.0048,3250000.0,2019-03-29T12:45:53.397000Z
1.1235600000000001,1.12359,1870000.0048,1250000.0,2019-03-29T12:45:53.652000Z
1.1235600000000001,1.1235700000000002,1000000.0,1000000.0,2019-03-29T12:45:56.270000Z
1.1235600000000001,1.12358,1000000.0,2809999.9428,2019-03-29T12:45:56.372000Z
1.1235600000000001,1.1235700000000002,1000000.0,1120000.0048,2019-03-29T12:45:56.474000Z
1.1235600000000001,1.12358,1000000.0,1309999.9428,2019-03-29T12:45:56.576000Z
1.1235600000000001,1.1235700000000002,1000000.0,3369999.8856,2019-03-29T12:45:56.792000Z
1.1235600000000001,1.12358,1000000.0,6940000.0572,2019-03-29T12:45:56.946000Z
1.1235600000000001,1.1235700000000002,1000000.0,2619999.8856,2019-03-29T12:45:57.149000Z
1.1235600000000001,1.12358,1000000.0,7309999.9428,2019-03-29T12:45:57.266000Z
1.1235600000000001,1.1235700000000002,1000000.0,2250000.0,2019-03-29T12:45:57.643000Z
1.1235600000000001,1.12358,1000000.0,5059999.9428,2019-03-29T12:45:57.745000Z
1.1235600000000001,1.1235700000000002,1000000.0,1000000.0,2019-03-29T12:45:57.847000Z
1.1235600000000001,1.12358,1000000.0,1690000.0572,2019-03-29T12:45:58.261000Z
1.1235600000000001,1.1235700000000002,1000000.0,1000000.0,2019-03-29T12:45:58.380000Z
1.1235600000000001,1.12358,1000000.0,2440000.0572,2019-03-29T12:45:58.685000Z
1.1235600000000001,1.1235700000000002,1000000.0,1500000.0,2019-03-29T12:45:59.009000Z
1.1235600000000001,1.12358,1000000.0,2059999.9428,2019-03-29T12:45:59.344000Z
1.1235600000000001,1.1235700000000002,1000000.0,1500000.0,2019-03-29T12:45:59.819000Z
1.1235600000000001,1.12358,1000000.0,1690000.0572,2019-03-29T12:45:59.921000Z
1.1235600000000001,1.1235700000000002,1000000.0,1500000.0,2019-03-29T12:46:00.023000Z
1.1235600000000001,1.12359,1500000.0,4750000.0,2019-03-29T12:46:00.505000Z
1.12358,1.12361,1870000.0048,3640000.1049,2019-03-29T12:46:00.608000Z
1.12359,1.12362,5099999.9046,2869999.8856,2019-03-29T12:46:00.761000Z
1.12361,1.12363,1000000.0,3450000.0477,2019-03-29T12:46:00.865000Z
1.1236000000000002,1.12361,1000000.0,1000000.0,2019-03-29T12:46:01.280000Z
1.12361,1.12363,1000000.0,6559999.9428,2019-03-29T12:46:01.331000Z
1.12361,1.12362,1000000.0,1000000.0,2019-03-29T12:46:03.954000Z
1.12361,1.12364,1000000.0,11890000.3433,2019-03-29T12:46:04.209000Z
1.12361,1.12362,1000000.0,1250000.0,2019-03-29T12:46:04.755000Z
1.12361,1.12363,1000000.0,3940000.0572,2019-03-29T12:46:08.476000Z
1.12361,1.12362,1100000.0238,1000000.0,2019-03-29T12:46:08.680000Z
1.12361,1.12363,1000000.0,2059999.9428,2019-03-29T12:46:10.126000Z
1.12361,1.12363,1100000.0238,2940000.0572,2019-03-29T12:46:14.397000Z
1.12361,1.12364,1100000.0238,4869999.8856,2019-03-29T12:46:14.867000Z
1.12361,1.12363,1100000.0238,2940000.0572,2019-03-29T12:46:15.320000Z
1.12361,1.12363,1100000.0238,1309999.9428,2019-03-29T12:46:15.551000Z
1.12361,1.12363,1100000.0238,1809999.9428,2019-03-29T12:46:16.096000Z
1.12361,1.12364,1100000.0238,4500000.0,2019-03-29T12:46:16.275000Z
1.12361,1.12363,1100000.0238,1809999.9428,2019-03-29T12:46:18.417000Z
1.12361,1.12364,1100000.0238,4500000.0,2019-03-29T12:46:18.543000Z
1.12361,1.12364,1100000.0238,9369999.8856,2019-03-29T12:46:18.798000Z
1.12361,1.12364,1100000.0238,4869999.8856,2019-03-29T12:46:19.077000Z
1.12365,1.12366,1500000.0,5250000.0,2019-03-29T12:46:21.174000Z
1.1236700000000002,1.12368,1100000.0238,1500000.0,2019-03-29T12:46:21.320000Z
1.12366,1.12369,6639999.8665,2750000.0,2019-03-29T12:46:21.424000Z
1.12366,1.12369,1389999.9857,3369999.8856,2019-03-29T12:46:21.577000Z
1.12366,1.12369,1200000.0477,2869999.8856,2019-03-29T12:46:21.686000Z
1.1236700000000002,1.12369,3039999.9619,2619999.8856,2019-03-29T12:46:22.527000Z
1.12371,1.12372,1120000.0048,3069999.9332,2019-03-29T12:46:22.632000Z
1.12372,1.12373,1000000.0,1500000.0,2019-03-29T12:46:22.787000Z
1.12373,1.12375,3599999.9046,1000000.0,2019-03-29T12:46:22.838000Z
1.12375,1.1237700000000002,3369999.8856,2809999.9428,2019-03-29T12:46:22.891000Z
1.1237700000000002,1.12378,1200000.0477,1690000.0572,2019-03-29T12:46:22.995000Z
1.12376,1.1237700000000002,2700000.0477,1250000.0,2019-03-29T12:46:23.097000Z
1.12375,1.12378,6039999.9619,1000000.0,2019-03-29T12:46:23.393000Z
1.12376,1.12378,2700000.0477,1000000.0,2019-03-29T12:46:23.495000Z
1.12376,1.12378,1950000.0477,1000000.0,2019-03-29T12:46:23.597000Z
1.12376,1.12378,10340000.1526,1000000.0,2019-03-29T12:46:23.762000Z
1.12376,1.12378,2319999.9332,1000000.0,2019-03-29T12:46:23.864000Z
1.12376,1.12378,1100000.0238,1000000.0,2019-03-29T12:46:24.017000Z
1.12375,1.1237700000000002,10189999.5804,1000000.0,2019-03-29T12:46:24.338000Z
1.12375,1.12378,8739999.7711,1000000.0,2019-03-29T12:46:24.713000Z
1.12378,1.1238100000000002,2440000.0572,1000000.0,2019-03-29T12:46:24.817000Z
1.12379,1.1238299999999999,3819999.9332,4969999.7902,2019-03-29T12:46:24.952000Z
1.1238100000000002,1.1238299999999999,1409999.9666,2890000.1049,2019-03-29T12:46:25.004000Z
1.1238000000000001,1.12384,7099999.9046,8199999.8093,2019-03-29T12:46:25.212000Z
1.12382,1.12385,1100000.0238,7010000.2289,2019-03-29T12:46:25.475000Z
1.1238100000000002,1.12384,6619999.8856,2700000.0477,2019-03-29T12:46:25.578000Z
1.1238100000000002,1.12384,2160000.0858,1100000.0238,2019-03-29T12:46:25.731000Z
1.1238100000000002,1.12385,1220000.0286,7789999.9619,2019-03-29T12:46:25.906000Z
1.12382,1.12385,2099999.9046,6289999.9619,2019-03-29T12:46:26.008000Z
1.12382,1.12385,1570000.0525,6639999.8665,2019-03-29T12:46:26.212000Z
1.12382,1.12385,1500000.0,5159999.8474,2019-03-29T12:46:26.316000Z
1.1238299999999999,1.12385,5869999.8856,1100000.0238,2019-03-29T12:46:27.523000Z
1.12386,1.12388,1950000.0477,2619999.8856,2019-03-29T12:46:27.575000Z
1.12386,1.1238700000000001,1200000.0477,1000000.0,2019-03-29T12:46:27.727000Z
1.12386,1.12388,1200000.0477,1000000.0,2019-03-29T12:46:27.830000Z
1.12386,1.1238700000000001,1200000.0477,1000000.0,2019-03-29T12:46:27.933000Z
1.12385,1.12388,3599999.9046,1000000.0,2019-03-29T12:46:28.079000Z
1.12386,1.12388,1220000.0286,4119999.8856,2019-03-29T12:46:28.181000Z
1.12385,1.12388,3450000.0477,6369999.8856,2019-03-29T12:46:28.283000Z
1.12386,1.12388,1100000.0238,1000000.0,2019-03-29T12:46:28.386000Z
1.1238700000000001,1.12388,1200000.0477,1000000.0,2019-03-29T12:46:28.517000Z
1.12386,1.12388,7199999.8093,1000000.0,2019-03-29T12:46:28.619000Z
1.12386,1.12388,3819999.9332,1000000.0,2019-03-29T12:46:28.722000Z
1.12386,1.12389,3849999.9046,2440000.0572,2019-03-29T12:46:28.896000Z
1.12388,1.12389,1000000.0,1120000.0048,2019-03-29T12:46:28.999000Z
1.12388,1.1239100000000002,3640000.1049,1200000.0477,2019-03-29T12:46:29.050000Z
1.1239000000000001,1.1239299999999999,1120000.0048,2799999.9523,2019-03-29T12:46:29.102000Z
1.12395,1.1239700000000001,1100000.0238,3700000.0477,2019-03-29T12:46:29.268000Z
1.12395,1.12398,4949999.8093,1000000.0,2019-03-29T12:46:29.320000Z
1.1239700000000001,1.12399,2250000.0,2059999.9428,2019-03-29T12:46:29.422000Z
1.12399,1.124,1250000.0,1120000.0048,2019-03-29T12:46:29.526000Z
1.12399,1.124,1200000.0477,1250000.0,2019-03-29T12:46:29.634000Z
1.1239700000000001,1.12398,1200000.0477,1000000.0,2019-03-29T12:46:29.694000Z
1.12396,1.12399,1870000.0048,5440000.0572,2019-03-29T12:46:29.796000Z
1.12396,1.12398,1120000.0048,1870000.0048,2019-03-29T12:46:29.898000Z
1.12396,1.12399,1120000.0048,2890000.1049,2019-03-29T12:46:30Z
1.12395,1.12398,4980000.0191,1870000.0048,2019-03-29T12:46:30.368000Z
1.12395,1.1239700000000001,2299999.9523,1620000.0048,2019-03-29T12:46:30.420000Z
1.12394,1.1239700000000001,2700000.0477,3119999.8856,2019-03-29T12:46:30.523000Z
1.12394,1.1239700000000001,2849999.9046,2750000.0,2019-03-29T12:46:30.677000Z
1.12395,1.12398,1100000.0238,2500000.0,2019-03-29T12:46:30.831000Z
1.12395,1.1239700000000001,1100000.0238,1500000.0,2019-03-29T12:46:30.934000Z
1.12395,1.1239700000000001,1950000.0477,1600000.0238,2019-03-29T12:46:31.036000Z
1.12395,1.1239700000000001,1570000.0525,1120000.0048,2019-03-29T12:46:31.141000Z
1.12394,1.1239700000000001,1690000.0572,1000000.0,2019-03-29T12:46:31.295000Z
1.12395,1.1239700000000001,1500000.0,1120000.0048,2019-03-29T12:46:31.549000Z
1.12396,1.12398,1500000.0,1000000.0,2019-03-29T12:46:31.703000Z
1.12395,1.1239700000000001,2619999.8856,1120000.0048,2019-03-29T12:46:31.806000Z
1.12395,1.12398,4949999.8093,3000000.0,2019-03-29T12:46:31.908000Z
1.12396,1.1239700000000001,1000000.0,1120000.0048,2019-03-29T12:46:32.010000Z
1.12395,1.12398,2319999.9332,3000000.0,2019-03-29T12:46:32.112000Z
1.1239700000000001,1.12398,1120000.0048,1120000.0048,2019-03-29T12:46:32.484000Z
1.12398,1.124,2099999.9046,2809999.9428,2019-03-29T12:46:32.587000Z
1.12398,1.124,1000000.0,2140000.1049,2019-03-29T12:46:32.773000Z
1.1239700000000001,1.124,6750000.0,2369999.8856,2019-03-29T12:46:32.977000Z
1.12396,1.12398,3450000.0477,1620000.0048,2019-03-29T12:46:33.477000Z
1.12396,1.12398,1970000.0286,1309999.9428,2019-03-29T12:46:33.579000Z
1.12395,1.12398,2660000.0858,1309999.9428,2019-03-29T12:46:33.683000Z
1.12396,1.1239700000000001,1200000.0477,1120000.0048,2019-03-29T12:46:33.837000Z
1.12395,1.12398,4909999.8474,1389999.9857,2019-03-29T12:46:34.003000Z
1.12396,1.1239700000000001,1000000.0,1120000.0048,2019-03-29T12:46:34.157000Z
1.1239299999999999,1.12395,4969999.7902,1690000.0572,2019-03-29T12:46:34.262000Z
1.1239299999999999,1.12394,1200000.0477,2250000.0,2019-03-29T12:46:34.365000Z
1.12392,1.12394,1120000.0048,4119999.8856,2019-03-29T12:46:34.417000Z
1.1239000000000001,1.12394,3069999.9332,4389999.8665,2019-03-29T12:46:34.520000Z
1.1239000000000001,1.1239299999999999,4500000.0,2250000.0,2019-03-29T12:46:34.776000Z
1.1239000000000001,1.12394,4500000.0,7840000.1526,2019-03-29T12:46:34.979000Z
1.1239100000000002,1.12394,1000000.0,4460000.0381,2019-03-29T12:46:35.081000Z
1.12392,1.1239299999999999,1000000.0,1000000.0,2019-03-29T12:46:35.419000Z
1.1239100000000002,1.12394,1000000.0,3900000.0954,2019-03-29T12:46:35.672000Z
1.1239100000000002,1.1239299999999999,1500000.0,1000000.0,2019-03-29T12:46:37.130000Z
1.12392,1.12394,1500000.0,1200000.0477,2019-03-29T12:46:37.799000Z
1.1239100000000002,1.1239299999999999,3069999.9332,3369999.8856,2019-03-29T12:46:37.925000Z
1.1239100000000002,1.12394,2250000.0,5019999.9809,2019-03-29T12:46:38.027000Z
1.12392,1.1239299999999999,1000000.0,1000000.0,2019-03-29T12:46:38.295000Z
1.1239100000000002,1.12394,2250000.0,5619999.8856,2019-03-29T12:46:38.619000Z
1.1239100000000002,1.12392,2250000.0,4119999.8856,2019-03-29T12:46:38.823000Z
1.12389,1.1239299999999999,3640000.1049,4539999.9619,2019-03-29T12:46:38.875000Z
1.12389,1.1239100000000002,5889999.8665,1000000.0,2019-03-29T12:46:39.074000Z
1.12392,1.12394,2250000.0,5000000.0,2019-03-29T12:46:39.125000Z
1.12392,1.1239299999999999,1120000.0048,1000000.0,2019-03-29T12:46:39.233000Z
1.12392,1.12394,1000000.0,5139999.8665,2019-03-29T12:46:39.336000Z
1.1239100000000002,1.12394,1000000.0,2509999.9905,2019-03-29T12:46:39.438000Z
1.12392,1.12394,1000000.0,1570000.0525,2019-03-29T12:46:39.591000Z
1.1239100000000002,1.12394,1000000.0,2319999.9332,2019-03-29T12:46:39.694000Z
1.1239000000000001,1.12394,2890000.1049,3640000.1049,2019-03-29T12:46:39.798000Z
1.1239100000000002,1.1239299999999999,1000000.0,1000000.0,2019-03-29T12:46:40.105000Z
1.1239000000000001,1.12394,1009999.9905,1820000.0525,2019-03-29T12:46:41.096000Z
1.12389,1.12392,13789999.9619,1120000.0048,2019-03-29T12:46:41.198000Z
1.1239100000000002,1.12392,1000000.0,1370000.0048,2019-03-29T12:46:41.301000Z
1.1239100000000002,1.1239299999999999,1000000.0,2119999.8856,2019-03-29T12:46:41.447000Z
1.12392,1.12394,1500000.0,1500000.0,2019-03-29T12:46:41.549000Z
1.1239100000000002,1.12394,1870000.0048,1570000.0525,2019-03-29T12:46:41.652000Z
1.1239100000000002,1.12395,3369999.8856,4710000.0381,2019-03-29T12:46:41.856000Z
1.1239100000000002,1.12394,3000000.0,2250000.0,2019-03-29T12:46:41.978000Z
1.1239100000000002,1.12395,1500000.0,10359999.6567,2019-03-29T12:46:42.080000Z
1.1239100000000002,1.12394,1500000.0,1100000.0238,2019-03-29T12:46:42.557000Z
1.1239100000000002,1.12395,1500000.0,4380000.1144,2019-03-29T12:46:42.779000Z
1.12392,1.12394,1120000.0048,1950000.0477,2019-03-29T12:46:42.881000Z
1.12392,1.1239299999999999,1120000.0048,1779999.9714,2019-03-29T12:46:42.983000Z
1.12392,1.12394,1120000.0048,2319999.9332,2019-03-29T12:46:43.085000Z
1.1239000000000001,1.12394,5139999.8665,1570000.0525,2019-03-29T12:46:43.187000Z
1.1239000000000001,1.12394,5460000.0381,3849999.9046,2019-03-29T12:46:43.596000Z
1.1239100000000002,1.1239299999999999,1000000.0,1000000.0,2019-03-29T12:46:43.698000Z
1.1239000000000001,1.1239299999999999,2509999.9905,1000000.0,2019-03-29T12:46:43.915000Z
1.1239000000000001,1.1239100000000002,1759999.9905,1000000.0,2019-03-29T12:46:44.789000Z
1.12388,1.12389,1000000.0,1250000.0,2019-03-29T12:46:44.892000Z
1.12386,1.12389,1000000.0,6630000.1144,2019-03-29T12:46:44.943000Z
1.12386,1.12389,1000000.0,1750000.0,2019-03-29T12:46:45.045000Z
1.12385,1.12389,2509999.9905,2289999.9619,2019-03-29T12:46:45.207000Z
1.12385,1.12389,5079999.9237,7380000.1144,2019-03-29T12:46:45.361000Z
1.12385,1.12389,3640000.1049,3759999.9905,2019-03-29T12:46:45.513000Z
1.12385,1.12388,2769999.9809,1500000.0,2019-03-29T12:46:46.778000Z
1.12385,1.12388,2619999.8856,1100000.0238,2019-03-29T12:46:46.931000Z
1.12385,1.12388,1970000.0286,1100000.0238,2019-03-29T12:46:47.137000Z
1.12385,1.12388,1000000.0,1570000.0525,2019-03-29T12:46:47.291000Z
1.12385,1.1238700000000001,2190000.0572,1000000.0,2019-03-29T12:46:48.507000Z
1.12385,1.12388,1500000.0,1500000.0,2019-03-29T12:46:48.609000Z
1.12385,1.12388,1000000.0,8050000.1907,2019-03-29T12:46:48.764000Z
1.12385,1.12388,2619999.8856,1500000.0,2019-03-29T12:46:48.955000Z
1.12384,1.12388,7389999.8665,1000000.0,2019-03-29T12:46:49.059000Z
1.12384,1.12389,6639999.8665,4090000.1526,2019-03-29T12:46:49.161000Z
1.12385,1.12389,1000000.0,5210000.0381,2019-03-29T12:46:49.384000Z
1.12385,1.12388,1000000.0,1000000.0,2019-03-29T12:46:49.538000Z
1.12384,1.12388,5510000.2289,1000000.0,2019-03-29T12:46:49.797000Z
1.12384,1.12389,7760000.2289,4090000.1526,2019-03-29T12:46:49.933000Z
1.12385,1.12388,1120000.0048,3000000.0,2019-03-29T12:46:50.091000Z
1.12384,1.12389,5510000.2289,2960000.0381,2019-03-29T12:46:50.194000Z
1.12385,1.12389,1000000.0,4090000.1526,2019-03-29T12:46:50.585000Z
1.12384,1.12389,6260000.2289,6710000.0381,2019-03-29T12:46:50.687000Z
1.12385,1.12389,1000000.0,10460000.0381,2019-03-29T12:46:50.849000Z
1.12384,1.1238700000000001,10039999.9619,2250000.0,2019-03-29T12:46:50.951000Z
1.1238299999999999,1.12384,1500000.0,1120000.0048,2019-03-29T12:46:51.055000Z
1.12382,1.12384,1000000.0,13720000.267,2019-03-29T12:46:51.159000Z
1.1238000000000001,1.1238299999999999,3660000.0858,1870000.0048,2019-03-29T12:46:51.210000Z
1.1238000000000001,1.1238299999999999,1759999.9905,1100000.0238,2019-03-29T12:46:51.338000Z
1.1238000000000001,1.1238299999999999,2440000.0572,2000000.0,2019-03-29T12:46:51.967000Z
1.1238000000000001,1.12384,1690000.0572,3650000.0954,2019-03-29T12:46:52.069000Z
1.1238000000000001,1.1238100000000002,1500000.0,1120000.0048,2019-03-29T12:46:53.363000Z
1.12379,1.1238100000000002,2319999.9332,2250000.0,2019-03-29T12:46:53.466000Z
1.12378,1.1238000000000001,1120000.0048,3119999.8856,2019-03-29T12:46:53.776000Z
1.12379,1.1238000000000001,1500000.0,1000000.0,2019-03-29T12:46:53.936000Z
1.12379,1.1238299999999999,3259999.9905,1120000.0048,2019-03-29T12:46:54.038000Z
1.12379,1.1238299999999999,5889999.8665,3420000.0763,2019-03-29T12:46:54.141000Z
1.12379,1.1238299999999999,1759999.9905,1120000.0048,2019-03-29T12:46:54.244000Z
1.12379,1.1238299999999999,4389999.8665,3500000.0,2019-03-29T12:46:54.348000Z
1.12379,1.12384,1759999.9905,9840000.1526,2019-03-29T12:46:54.486000Z
1.12379,1.12382,1759999.9905,1000000.0,2019-03-29T12:46:54.750000Z
1.12379,1.1238299999999999,1759999.9905,3730000.0191,2019-03-29T12:46:54.968000Z
1.12379,1.12382,1759999.9905,1000000.0,2019-03-29T12:46:55.070000Z
1.12379,1.1238100000000002,4010000.2289,1000000.0,2019-03-29T12:46:55.172000Z
1.12379,1.12382,1759999.9905,1500000.0,2019-03-29T12:46:55.326000Z
1.12379,1.1238299999999999,2890000.1049,1120000.0048,2019-03-29T12:46:55.687000Z
1.12379,1.1238299999999999,2890000.1049,3470000.0286,2019-03-29T12:46:55.789000Z
1.12379,1.1238299999999999,3259999.9905,1120000.0048,2019-03-29T12:46:55.891000Z
1.1238000000000001,1.12382,1000000.0,1120000.0048,2019-03-29T12:46:55.993000Z
1.12379,1.1238299999999999,2509999.9905,1870000.0048,2019-03-29T12:46:56.095000Z
1.1238000000000001,1.12382,1500000.0,1500000.0,2019-03-29T12:46:56.637000Z
1.12379,1.1238299999999999,2890000.1049,1500000.0,2019-03-29T12:46:56.790000Z
1.1238000000000001,1.12382,1120000.0048,1000000.0,2019-03-29T12:46:56.981000Z
1.12379,1.1238299999999999,4389999.8665,1570000.0525,2019-03-29T12:46:57.083000Z
1.12379,1.12382,5639999.8665,1000000.0,2019-03-29T12:46:57.546000Z
1.12379,1.12382,1690000.0572,3869999.8856,2019-03-29T12:46:57.656000Z
1.12379,1.1238000000000001,1000000.0,1120000.0048,2019-03-29T12:46:57.762000Z
1.12379,1.12382,3940000.0572,1500000.0,2019-03-29T12:46:57.864000Z
1.12379,1.1238299999999999,4690000.0572,1200000.0477,2019-03-29T12:46:57.988000Z
1.1238000000000001,1.1238299999999999,1000000.0,1500000.0,2019-03-29T12:46:58.193000Z
1.12379,1.1238299999999999,5139999.8665,1000000.0,2019-03-29T12:46:58.295000Z
1.1238000000000001,1.1238299999999999,1120000.0048,1840000.0334,2019-03-29T12:46:58.492000Z
1.12379,1.1238299999999999,6639999.8665,1000000.0,2019-03-29T12:46:58.645000Z
1.1238000000000001,1.1238299999999999,1000000.0,1000000.0,2019-03-29T12:46:59.593000Z
1.12379,1.1238299999999999,3640000.1049,1000000.0,2019-03-29T12:46:59.699000Z
1.12379,1.12384,4010000.2289,3299999.9523,2019-03-29T12:46:59.802000Z
1.1238000000000001,1.12384,1950000.0477,7070000.1717,2019-03-29T12:47:00.026000Z
1.1238100000000002,1.12384,1250000.0,3849999.9046,2019-03-29T12:47:00.622000Z
1.1238299999999999,1.1238700000000001,4760000.2289,3470000.0286,2019-03-29T12:47:00.724000Z
1.12384,1.1238700000000001,1000000.0,3450000.0477,2019-03-29T12:47:00.827000Z
1.12384,1.12386,2720000.0286,1120000.0048,2019-03-29T12:47:00.978000Z
1.12384,1.1238700000000001,4219999.7902,1870000.0048,2019-03-29T12:47:01.080000Z
1.1238299999999999,1.12384,2700000.0477,2440000.0572,2019-03-29T12:47:01.182000Z
1.1238100000000002,1.12384,1120000.0048,1590000.0334,2019-03-29T12:47:01.285000Z
1.1238100000000002,1.1238299999999999,1570000.0525,1590000.0334,2019-03-29T12:47:01.443000Z
1.1238100000000002,1.1238299999999999,1120000.0048,1120000.0048,2019-03-29T12:47:01.739000Z
1.1238000000000001,1.12384,3940000.0572,5489999.7711,2019-03-29T12:47:02.531000Z
1.1238000000000001,1.1238299999999999,5440000.0572,1590000.0334,2019-03-29T12:47:02.684000Z
1.1238000000000001,1.12384,1690000.0572,2490000.0095,2019-03-29T12:47:03.020000Z
1.1238000000000001,1.1238299999999999,2250000.0,2339999.9142,2019-03-29T12:47:03.325000Z
1.1238000000000001,1.1238299999999999,1100000.0238,1120000.0048,2019-03-29T12:47:03.427000Z
1.1238299999999999,1.12384,1500000.0,3819999.9332,2019-03-29T12:47:04.145000Z
1.12382,1.12385,1000000.0,11140000.3433,2019-03-29T12:47:04.287000Z
1.12382,1.12384,1000000.0,2319999.9332,2019-03-29T12:47:04.389000Z
1.12382,1.12385,1100000.0238,11920000.0763,2019-03-29T12:47:04.492000Z
1.12382,1.12384,1000000.0,1100000.0238,2019-03-29T12:47:04.594000Z
1.1238299999999999,1.12384,1000000.0,1200000.0477,2019-03-29T12:47:04.848000Z
1.12382,1.12385,1000000.0,10859999.6567,2019-03-29T12:47:05.234000Z
1.12379,1.1238000000000001,8319999.6948,1500000.0,2019-03-29T12:47:05.973000Z
1.1237700000000002,1.12379,1000000.0,1620000.0048,2019-03-29T12:47:06.080000Z
1.12376,1.12378,1389999.9857,1100000.0238,2019-03-29T12:47:06.184000Z
1.12375,1.12379,3259999.9905,1970000.0286,2019-03-29T12:47:06.339000Z
1.12376,1.12379,1000000.0,4199999.8093,2019-03-29T12:47:06.443000Z
1.12375,1.12379,6639999.8665,1100000.0238,2019-03-29T12:47:06.714000Z
1.12375,1.1238000000000001,6820000.1717,5949999.8093,2019-03-29T12:47:06.817000Z
1.12375,1.12379,4949999.8093,1000000.0,2019-03-29T12:47:06.920000Z
1.12376,1.12379,1000000.0,3000000.0,2019-03-29T12:47:07.022000Z
1.12375,1.12379,3069999.9332,1570000.0525,2019-03-29T12:47:07.289000Z
1.12376,1.1238000000000001,4949999.8093,1100000.0238,2019-03-29T12:47:08.120000Z
1.12378,1.1238000000000001,1000000.0,2619999.8856,2019-03-29T12:47:08.222000Z
1.12379,1.12382,3000000.0,5050000.1907,2019-03-29T12:47:08.325000Z
1.12379,1.12382,1500000.0,1950000.0477,2019-03-29T12:47:08.429000Z
1.12379,1.1238100000000002,6000000.0,1000000.0,2019-03-29T12:47:08.756000Z
1.12379,1.12382,3750000.0,3369999.8856,2019-03-29T12:47:08.882000Z
1.12379,1.1238100000000002,3450000.0477,1000000.0,2019-03-29T12:47:09.573000Z
1.12379,1.12382,3819999.9332,1870000.0048,2019-03-29T12:47:09.675000Z
1.12379,1.1238100000000002,1570000.0525,1000000.0,2019-03-29T12:47:10.109000Z
1.12379,1.1238100000000002,3069999.9332,1000000.0,2019-03-29T12:47:10.467000Z
1.1238100000000002,1.12382,1120000.0048,2250000.0,2019-03-29T12:47:10.570000Z
1.1238100000000002,1.12384,2700000.0477,2619999.8856,2019-03-29T12:47:10.673000Z
1.12382,1.12384,1250000.0,1250000.0,2019-03-29T12:47:10.776000Z
1.1238100000000002,1.12384,2619999.8856,4869999.8856,2019-03-29T12:47:10.980000Z
1.1238100000000002,1.1238299999999999,1870000.0048,1000000.0,2019-03-29T12:47:11.286000Z
1.1238000000000001,1.12384,7889999.8665,3000000.0,2019-03-29T12:47:11.388000Z
1.1238000000000001,1.1238299999999999,7010000.2289,1000000.0,2019-03-29T12:47:12.134000Z
1.1238000000000001,1.12382,5139999.8665,1000000.0,2019-03-29T12:47:12.620000Z
1.1238000000000001,1.1238299999999999,5139999.8665,1500000.0,2019-03-29T12:47:12.755000Z
1.1238100000000002,1.1238299999999999,1500000.0,1500000.0,2019-03-29T12:47:13.303000Z
1.12382,1.12384,1370000.0048,2700000.0477,2019-03-29T12:47:13.887000Z
1.12382,1.12385,6320000.1717,3750000.0,2019-03-29T12:47:14.075000Z
1.12384,1.12386,3440000.0572,3519999.9809,2019-03-29T12:47:14.228000Z
1.12384,1.1238700000000001,4389999.8665,1500000.0,2019-03-29T12:47:14.330000Z
1.12384,1.12388,3640000.1049,1500000.0,2019-03-29T12:47:14.381000Z
1.12385,1.1238700000000001,1000000.0,1000000.0,2019-03-29T12:47:14.490000Z
1.12384,1.12388,3259999.9905,2319999.9332,2019-03-29T12:47:14.592000Z
1.12384,1.1238700000000001,5510000.2289,1000000.0,2019-03-29T12:47:14.898000Z
1.12384,1.12388,4760000.2289,1500000.0,2019-03-29T12:47:15Z
1.12385,1.12388,1000000.0,2319999.9332,2019-03-29T12:47:15.130000Z
1.12384,1.12388,6260000.2289,2319999.9332,2019-03-29T12:47:15.232000Z
1.12385,1.12388,1120000.0048,4949999.8093,2019-03-29T12:47:15.436000Z
1.12384,1.12388,3640000.1049,2250000.0,2019-03-29T12:47:15.539000Z
1.12385,1.12388,1000000.0,4869999.8856,2019-03-29T12:47:15.651000Z
1.12384,1.12388,3259999.9905,2250000.0,2019-03-29T12:47:15.788000Z
1.12384,1.1238700000000001,10010000.2289,1120000.0048,2019-03-29T12:47:16.045000Z
1.12384,1.12388,2509999.9905,1870000.0048,2019-03-29T12:47:16.382000Z
1.12385,1.12388,1000000.0,3730000.0191,2019-03-29T12:47:17.532000Z
1.12384,1.12388,6639999.8665,2250000.0,2019-03-29T12:47:17.634000Z
1.12385,1.12388,1120000.0048,4480000.0191,2019-03-29T12:47:17.884000Z
1.12386,1.12388,1250000.0,1120000.0048,2019-03-29T12:47:17.935000Z
1.12388,1.1239000000000001,1750000.0,1649999.9762,2019-03-29T12:47:18.038000Z
1.12388,1.12389,1000000.0,2250000.0,2019-03-29T12:47:18.140000Z
1.12386,1.12389,3890000.1049,2440000.0572,2019-03-29T12:47:18.242000Z
1.12386,1.12389,1970000.0286,2500000.0,2019-03-29T12:47:18.547000Z
1.12385,1.12388,3069999.9332,1250000.0,2019-03-29T12:47:19.224000Z
1.12385,1.12388,2450000.0477,2809999.9428,2019-03-29T12:47:20.135000Z
1.12385,1.12388,3369999.8856,2059999.9428,2019-03-29T12:47:20.288000Z
1.12385,1.12388,1620000.0048,1690000.0572,2019-03-29T12:47:20.646000Z
1.12385,1.12388,1500000.0,2440000.0572,2019-03-29T12:47:20.926000Z
1.12384,1.12388,4760000.2289,1250000.0,2019-03-29T12:47:21.028000Z
1.12385,1.1238700000000001,1000000.0,1120000.0048,2019-03-29T12:47:21.282000Z
1.12385,1.12388,1000000.0,1009999.9905,2019-03-29T12:47:21.608000Z
1.12384,1.12388,4760000.2289,1009999.9905,2019-03-29T12:47:21.725000Z
1.12385,1.12388,1000000.0,1759999.9905,2019-03-29T12:47:22.015000Z
1.12384,1.12389,4010000.2289,8260000.2289,2019-03-29T12:47:22.168000Z
1.12384,1.12388,6760000.2289,2799999.9523,2019-03-29T12:47:22.404000Z
1.12384,1.12389,4010000.2289,7510000.2289,2019-03-29T12:47:22.540000Z
1.12385,1.12389,1120000.0048,3769999.9809,2019-03-29T12:47:23.074000Z
1.12384,1.12388,4010000.2289,1309999.9428,2019-03-29T12:47:23.256000Z
1.12385,1.12388,2619999.8856,1750000.0,2019-03-29T12:47:23.581000Z
1.12384,1.12389,8510000.2289,7909999.8474,2019-03-29T12:47:23.995000Z
1.12385,1.12389,1000000.0,11029999.733,2019-03-29T12:47:24.097000Z
1.12384,1.12388,4389999.8665,1799999.9523,2019-03-29T12:47:24.201000Z
1.12384,1.12385,1000000.0,2440000.0572,2019-03-29T12:47:24.617000Z
1.1238100000000002,1.1238299999999999,1000000.0,1000000.0,2019-03-29T12:47:24.669000Z
1.1238000000000001,1.1238299999999999,5510000.2289,1500000.0,2019-03-29T12:47:24.773000Z
1.1238100000000002,1.1238299999999999,1500000.0,1000000.0,2019-03-29T12:47:24.876000Z
1.1238000000000001,1.1238299999999999,4389999.8665,1000000.0,2019-03-29T12:47:24.978000Z
1.1238000000000001,1.1238299999999999,4159999.8474,3000000.0,2019-03-29T12:47:25.234000Z
1.1238000000000001,1.12384,6409999.8474,4369999.8856,2019-03-29T12:47:25.647000Z
1.1238000000000001,1.12384,6789999.9619,5239999.7711,2019-03-29T12:47:25.903000Z
1.12382,1.12384,1250000.0,2500000.0,2019-03-29T12:47:26.005000Z
1.12382,1.1238299999999999,1250000.0,1000000.0,2019-03-29T12:47:26.250000Z
1.12382,1.12384,1250000.0,1389999.9857,2019-03-29T12:47:26.352000Z
1.1238000000000001,1.12384,4539999.9619,1200000.0477,2019-03-29T12:47:26.846000Z
1.1238000000000001,1.1238299999999999,4159999.8474,1000000.0,2019-03-29T12:47:27.227000Z
1.1238100000000002,1.12384,1200000.0477,1950000.0477,2019-03-29T12:47:27.377000Z
1.12384,1.12385,1000000.0,2309999.9428,2019-03-29T12:47:30.538000Z
1.12384,1.1238700000000001,1250000.0,3750000.0,2019-03-29T12:47:30.640000Z
1.12384,1.12389,6260000.2289,5949999.8093,2019-03-29T12:47:30.765000Z
1.12385,1.12388,2250000.0,4110000.1335,2019-03-29T12:47:30.867000Z
1.12384,1.12389,4010000.2289,7070000.1717,2019-03-29T12:47:30.974000Z
1.12384,1.12388,4010000.2289,1500000.0,2019-03-29T12:47:31.134000Z
1.12384,1.12389,4010000.2289,4820000.1717,2019-03-29T12:47:31.266000Z
1.12385,1.12388,2250000.0,2619999.8856,2019-03-29T12:47:31.534000Z
1.12384,1.12388,5889999.8665,1120000.0048,2019-03-29T12:47:31.636000Z
1.12385,1.12388,1000000.0,1870000.0048,2019-03-29T12:47:31.738000Z
1.12384,1.12388,5139999.8665,1120000.0048,2019-03-29T12:47:31.942000Z
1.12385,1.12388,2250000.0,1870000.0048,2019-03-29T12:47:32.044000Z
1.12384,1.12389,5139999.8665,5139999.8665,2019-03-29T12:47:32.162000Z
1.12385,1.12389,2250000.0,9390000.3433,2019-03-29T12:47:32.366000Z
1.12384,1.12389,5139999.8665,5590000.1526,2019-03-29T12:47:32.469000Z
1.12385,1.12389,2250000.0,9390000.3433,2019-03-29T12:47:32.700000Z
1.12384,1.12389,4500000.0,4389999.8665,2019-03-29T12:47:33.270000Z
1.12384,1.12389,5639999.8665,5610000.1335,2019-03-29T12:47:33.688000Z
1.12388,1.12389,4570000.1717,1870000.0048,2019-03-29T12:47:33.806000Z
1.1239000000000001,1.1239299999999999,1759999.9905,1200000.0477,2019-03-29T12:47:33.858000Z
1.12389,1.1239100000000002,2470000.0286,1000000.0,2019-03-29T12:47:33.909000Z
1.12388,1.1239000000000001,2910000.0858,1000000.0,2019-03-29T12:47:34.011000Z
1.1238700000000001,1.1239100000000002,7670000.0763,6369999.8856,2019-03-29T12:47:34.113000Z
1.1238700000000001,1.1239000000000001,4800000.1907,2809999.9428,2019-03-29T12:47:34.267000Z
1.12385,1.12389,1250000.0,4199999.8093,2019-03-29T12:47:34.318000Z
1.12385,1.12388,2059999.9428,1870000.0048,2019-03-29T12:47:34.420000Z
1.12384,1.12389,8220000.267,2700000.0477,2019-03-29T12:47:34.573000Z
1.12384,1.12388,10899999.6185,1120000.0048,2019-03-29T12:47:34.841000Z
1.12384,1.12389,6659999.8474,5889999.8665,2019-03-29T12:47:34.944000Z
1.12385,1.12389,1100000.0238,8159999.8474,2019-03-29T12:47:35.046000Z
1.12384,1.12389,5139999.8665,2990000.0095,2019-03-29T12:47:35.851000Z
1.12385,1.12389,1120000.0048,1860000.0143,2019-03-29T12:47:37.077000Z
1.1238700000000001,1.12388,1250000.0,2319999.9332,2019-03-29T12:47:38.237000Z
1.12388,1.1239100000000002,1309999.9428,5469999.7902,2019-03-29T12:47:38.340000Z
1.12389,1.12392,1000000.0,5320000.1717,2019-03-29T12:47:38.392000Z
1.12389,1.12392,3720000.0286,2700000.0477,2019-03-29T12:47:38.494000Z
1.1239000000000001,1.12392,1450000.0477,1120000.0048,2019-03-29T12:47:38.905000Z
1.1239000000000001,1.12392,1009999.9905,1120000.0048,2019-03-29T12:47:39.007000Z
1.1239000000000001,1.12392,1350000.0238,1120000.0048,2019-03-29T12:47:39.110000Z
1.1239000000000001,1.1239299999999999,1250000.0,2250000.0,2019-03-29T12:47:40.001000Z
1.1239000000000001,1.1239299999999999,1250000.0,3119999.8856,2019-03-29T12:47:40.207000Z
1.1239000000000001,1.1239299999999999,1250000.0,2250000.0,2019-03-29T12:47:40.345000Z
1.1239000000000001,1.1239299999999999,1250000.0,4619999.8856,2019-03-29T12:47:40.942000Z
1.1239000000000001,1.1239299999999999,1250000.0,3000000.0,2019-03-29T12:47:41.044000Z
1.12392,1.1239299999999999,1000000.0,1120000.0048,2019-03-29T12:47:41.278000Z
1.1239299999999999,1.12395,1000000.0,4070000.1717,2019-03-29T12:47:41.382000Z
1.12396,1.1239700000000001,1250000.0,1870000.0048,2019-03-29T12:47:41.433000Z
1.124,1.12402,1000000.0,3470000.0286,2019-03-29T12:47:41.536000Z
1.124,1.12403,2099999.9046,4199999.8093,2019-03-29T12:47:41.650000Z
1.12399,1.12403,4539999.9619,5349999.9046,2019-03-29T12:47:41.752000Z
1.124,1.12403,1970000.0286,6449999.8093,2019-03-29T12:47:41.854000Z
1.124,1.12402,1220000.0286,1500000.0,2019-03-29T12:47:41.956000Z
1.124,1.12403,1220000.0286,6449999.8093,2019-03-29T12:47:42.058000Z
1.124,1.12402,1220000.0286,1870000.0048,2019-03-29T12:47:42.240000Z
1.12399,1.12403,2289999.9619,6449999.8093,2019-03-29T12:47:42.445000Z
1.12399,1.12402,3039999.9619,1000000.0,2019-03-29T12:47:42.751000Z
1.124,1.12402,1220000.0286,1120000.0048,2019-03-29T12:47:43.316000Z
1.12399,1.12402,3410000.0858,1120000.0048,2019-03-29T12:47:43.486000Z
1.12399,1.12403,3410000.0858,1870000.0048,2019-03-29T12:47:43.588000Z
1.124,1.12402,1100000.0238,1500000.0,2019-03-29T12:47:43.744000Z
1.12399,1.12403,3410000.0858,1950000.0477,2019-03-29T12:47:43.898000Z
1.12399,1.12403,5159999.8474,4969999.7902,2019-03-29T12:47:44.680000Z
1.12398,1.124,4349999.9046,2250000.0,2019-03-29T12:47:44.732000Z
1.12398,1.12399,1000000.0,1000000.0,2019-03-29T12:47:44.834000Z
1.12396,1.12399,1200000.0477,1120000.0048,2019-03-29T12:47:44.937000Z
1.12395,1.1239700000000001,2539999.9619,1120000.0048,2019-03-29T12:47:45.041000Z
1.12396,1.12398,1200000.0477,1120000.0048,2019-03-29T12:47:45.607000Z
1.12395,1.12399,1600000.0238,2509999.9905,2019-03-29T12:47:45.818000Z
1.12395,1.12399,3099999.9046,7139999.8665,2019-03-29T12:47:45.935000Z
1.12395,1.1239700000000001,1970000.0286,1120000.0048,2019-03-29T12:47:46.567000Z
1.12395,1.12398,3819999.9332,2250000.0,2019-03-29T12:47:46.835000Z
1.12395,1.12398,3470000.0286,1120000.0048,2019-03-29T12:47:46.937000Z
1.12395,1.12398,2890000.1049,1870000.0048,2019-03-29T12:47:47.039000Z
1.1239299999999999,1.12394,1000000.0,1250000.0,2019-03-29T12:47:47.142000Z
1.1239100000000002,1.12394,2099999.9046,1690000.0572,2019-03-29T12:47:47.305000Z
1.1239100000000002,1.12394,1200000.0477,1690000.0572,2019-03-29T12:47:47.561000Z
1.12392,1.12395,1250000.0,2250000.0,2019-03-29T12:47:49.321000Z
1.1239299999999999,1.12395,1200000.0477,2250000.0,2019-03-29T12:47:49.424000Z
1.1239299999999999,1.12395,1220000.0286,4119999.8856,2019-03-29T12:47:49.527000Z
1.12392,1.12396,5210000.0381,1570000.0525,2019-03-29T12:47:49.683000Z
1.12392,1.12395,5909999.8474,1460000.0381,2019-03-29T12:47:49.990000Z
1.12392,1.12394,1950000.0477,2839999.9142,2019-03-29T12:47:50.164000Z
1.1239100000000002,1.12394,1950000.0477,3000000.0,2019-03-29T12:47:50.216000Z
1.1239000000000001,1.1239299999999999,1100000.0238,1000000.0,2019-03-29T12:47:50.714000Z
1.1239000000000001,1.1239299999999999,1600000.0238,1200000.0477,2019-03-29T12:47:51.508000Z
1.1239000000000001,1.12394,1200000.0477,7909999.8474,2019-03-29T12:47:51.611000Z
1.1239000000000001,1.1239299999999999,1720000.0286,8210000.0381,2019-03-29T12:47:51.820000Z
1.1239000000000001,1.12394,1600000.0238,11920000.0763,2019-03-29T12:47:51.923000Z
1.1239000000000001,1.1239299999999999,1600000.0238,1570000.0525,2019-03-29T12:47:52.037000Z
1.1239000000000001,1.12394,1600000.0238,7050000.1907,2019-03-29T12:47:53.612000Z
1.1239000000000001,1.1239299999999999,1720000.0286,4559999.9428,2019-03-29T12:47:53.714000Z
1.1239000000000001,1.1239299999999999,1720000.0286,4539999.9619,2019-03-29T12:47:53.894000Z
1.1239000000000001,1.12394,1600000.0238,7050000.1907,2019-03-29T12:47:54.162000Z
1.1239000000000001,1.1239299999999999,1720000.0286,4119999.8856,2019-03-29T12:47:54.504000Z
1.1239100000000002,1.12394,1000000.0,2319999.9332,2019-03-29T12:47:54.608000Z
1.1239299999999999,1.12395,1309999.9428,3450000.0477,2019-03-29T12:47:54.762000Z
1.12394,1.12395,1000000.0,1870000.0048,2019-03-29T12:47:54.922000Z
1.1239299999999999,1.12396,4389999.8665,5260000.2289,2019-03-29T12:47:55.024000Z
1.12392,1.12394,2720000.0286,1000000.0,2019-03-29T12:47:55.178000Z
1.12392,1.12395,1500000.0,7389999.8665,2019-03-29T12:47:55.282000Z
1.12392,1.12394,1200000.0477,1100000.0238,2019-03-29T12:47:55.559000Z
1.12392,1.12395,2319999.9332,2619999.8856,2019-03-29T12:47:55.763000Z
1.12392,1.12395,2509999.9905,1600000.0238,2019-03-29T12:47:56.300000Z
1.12392,1.12395,2140000.1049,1500000.0,2019-03-29T12:47:56.743000Z
1.1239299999999999,1.12395,1250000.0,1500000.0,2019-03-29T12:47:57.786000Z
1.12395,1.1239700000000001,1009999.9905,1200000.0477,2019-03-29T12:47:57.891000Z
1.12394,1.12398,4909999.8474,4010000.2289,2019-03-29T12:47:58.013000Z
1.12394,1.1239700000000001,3410000.0858,1120000.0048,2019-03-29T12:47:58.637000Z
1.1239299999999999,1.12394,2700000.0477,1120000.0048,2019-03-29T12:47:58.943000Z
1.12392,1.12394,1000000.0,1120000.0048,2019-03-29T12:47:59.045000Z
1.12389,1.1239100000000002,1950000.0477,6000000.0,2019-03-29T12:47:59.161000Z
1.1238700000000001,1.1239000000000001,1100000.0238,5059999.9428,2019-03-29T12:47:59.265000Z
1.1238700000000001,1.1239000000000001,1700000.0477,9390000.3433,2019-03-29T12:47:59.627000Z
1.12388,1.1239100000000002,1690000.0572,1200000.0477,2019-03-29T12:47:59.769000Z
1.12389,1.12392,1200000.0477,2700000.0477,2019-03-29T12:47:59.873000Z
1.1239100000000002,1.1239299999999999,1120000.0048,1759999.9905,2019-03-29T12:48:00.225000Z
1.1239000000000001,1.12394,5889999.8665,3009999.9905,2019-03-29T12:48:00.352000Z
1.1239000000000001,1.12392,1500000.0,1000000.0,2019-03-29T12:48:00.507000Z
1.1239000000000001,1.1239299999999999,1100000.0238,1309999.9428,2019-03-29T12:48:00.609000Z
1.12389,1.12394,5840000.1526,5250000.0,2019-03-29T12:48:01.890000Z
1.12389,1.1239299999999999,4760000.2289,4119999.8856,2019-03-29T12:48:01.992000Z
1.1239000000000001,1.1239299999999999,1000000.0,1120000.0048,2019-03-29T12:48:02.224000Z
1.12392,1.1239299999999999,1000000.0,1870000.0048,2019-03-29T12:48:02.804000Z
1.1239100000000002,1.12394,4389999.8665,1000000.0,2019-03-29T12:48:02.906000Z
1.1239100000000002,1.12395,3259999.9905,1309999.9428,2019-03-29T12:48:03.008000Z
1.12392,1.12395,1120000.0048,2809999.9428,2019-03-29T12:48:04.326000Z
1.1239100000000002,1.12395,3259999.9905,1309999.9428,2019-03-29T12:48:04.428000Z
1.12392,1.12395,1120000.0048,2440000.0572,2019-03-29T12:48:04.530000Z
1.1239100000000002,1.12395,3640000.1049,1309999.9428,2019-03-29T12:48:04.632000Z
1.1239000000000001,1.1239299999999999,11539999.9619,1120000.0048,2019-03-29T12:48:04.735000Z
1.1239000000000001,1.12394,2140000.1049,2819999.9332,2019-03-29T12:48:04.866000Z
1.1239000000000001,1.12394,6250000.0,1649999.9762,2019-03-29T12:48:05.702000Z
1.1239100000000002,1.12394,2559999.9428,1100000.0238,2019-03-29T12:48:05.906000Z
1.1239000000000001,1.12395,10600000.3815,2470000.0286,2019-03-29T12:48:06.113000Z
1.1239100000000002,1.12394,1389999.9857,2150000.0954,2019-03-29T12:48:06.415000Z
1.12389,1.12392,7389999.8665,1000000.0,2019-03-29T12:48:08.345000Z
1.12389,1.1239299999999999,2890000.1049,4570000.1717,2019-03-29T12:48:08.726000Z
1.12389,1.1239299999999999,13510000.2289,5619999.8856,2019-03-29T12:48:09.173000Z
1.12389,1.1239299999999999,4389999.8665,1500000.0,2019-03-29T12:48:09.277000Z
1.12389,1.1239299999999999,8260000.2289,2250000.0,2019-03-29T12:48:09.719000Z
1.12389,1.12394,3640000.1049,6650000.0954,2019-03-29T12:48:09.821000Z
1.1239000000000001,1.1239299999999999,1000000.0,3000000.0,2019-03-29T12:48:11.497000Z
1.1239100000000002,1.1239299999999999,1220000.0286,1120000.0048,2019-03-29T12:48:12.956000Z
1.1239100000000002,1.12394,1100000.0238,4619999.8856,2019-03-29T12:48:18.703000Z
1.12392,1.12395,1000000.0,2559999.9428,2019-03-29T12:48:18.806000Z
1.1239100000000002,1.1239299999999999,5289999.9619,1120000.0048,2019-03-29T12:48:18.908000Z
1.1239100000000002,1.1239299999999999,1950000.0477,1120000.0048,2019-03-29T12:48:19.010000Z
1.1239100000000002,1.1239299999999999,1220000.0286,2250000.0,2019-03-29T12:48:19.138000Z
1.1239100000000002,1.12392,1950000.0477,1000000.0,2019-03-29T12:48:19.693000Z
1.1239000000000001,1.1239100000000002,2700000.0477,2440000.0572,2019-03-29T12:48:19.903000Z
1.12388,1.1239000000000001,1950000.0477,8310000.4196,2019-03-29T12:48:20.058000Z
1.12386,1.12389,5159999.8474,1309999.9428,2019-03-29T12:48:20.109000Z
1.12386,1.12389,2890000.1049,1309999.9428,2019-03-29T12:48:20.266000Z
1.12386,1.12388,3450000.0477,1120000.0048,2019-03-29T12:48:20.367000Z
1.12385,1.12389,4159999.8474,3369999.8856,2019-03-29T12:48:20.469000Z
1.12386,1.12389,2470000.0286,1389999.9857,2019-03-29T12:48:20.572000Z
1.12386,1.12389,1009999.9905,1789999.9619,2019-03-29T12:48:20.675000Z
1.1238700000000001,1.12389,1100000.0238,1250000.0,2019-03-29T12:48:20.801000Z
1.12386,1.12389,2140000.1049,1690000.0572,2019-03-29T12:48:22.419000Z
1.12386,1.12388,1389999.9857,1000000.0,2019-03-29T12:48:22.522000Z
1.12385,1.12389,8069999.6948,2809999.9428,2019-03-29T12:48:22.625000Z
1.12385,1.12388,8449999.8093,1000000.0,2019-03-29T12:48:22.727000Z
1.12386,1.12389,1389999.9857,2140000.1049,2019-03-29T12:48:23.128000Z
1.12386,1.12388,1389999.9857,1000000.0,2019-03-29T12:48:23.730000Z
1.12386,1.12389,1389999.9857,2140000.1049,2019-03-29T12:48:23.963000Z
1.12386,1.12389,1570000.0525,5570000.1717,2019-03-29T12:48:24.537000Z
1.12386,1.1239000000000001,4099999.9046,7070000.1717,2019-03-29T12:48:25.753000Z
1.12386,1.12389,2319999.9332,1759999.9905,2019-03-29T12:48:26.247000Z
1.12386,1.12388,1200000.0477,2750000.0,2019-03-29T12:48:26.350000Z
1.12385,1.12388,1600000.0238,2750000.0,2019-03-29T12:48:26.452000Z
1.12385,1.12389,8850000.3815,5139999.8665,2019-03-29T12:48:26.916000Z
1.12385,1.12388,4969999.7902,1100000.0238,2019-03-29T12:48:27.018000Z
1.1238700000000001,1.1239000000000001,1200000.0477,1309999.9428,2019-03-29T12:48:27.181000Z
1.1238700000000001,1.12389,1950000.0477,1250000.0,2019-03-29T12:48:27.436000Z
1.1238700000000001,1.12389,1570000.0525,4409999.8474,2019-03-29T12:48:27.538000Z
1.12386,1.12388,2319999.9332,1000000.0,2019-03-29T12:48:27.640000Z
1.12386,1.12388,1220000.0286,1120000.0048,2019-03-29T12:48:29.231000Z
1.12385,1.12388,1200000.0477,1950000.0477,2019-03-29T12:48:29.393000Z
1.12385,1.12388,1100000.0238,4320000.1717,2019-03-29T12:48:29.699000Z
1.12385,1.1238700000000001,1570000.0525,2369999.8856,2019-03-29T12:48:30.137000Z
1.12384,1.12388,2140000.1049,5820000.1717,2019-03-29T12:48:30.393000Z
1.12384,1.1238700000000001,3640000.1049,2339999.9142,2019-03-29T12:48:31.364000Z
1.12384,1.1238700000000001,3640000.1049,1870000.0048,2019-03-29T12:48:31.465000Z
1.12385,1.12388,1000000.0,7670000.0763,2019-03-29T12:48:31.642000Z
1.12384,1.12388,2160000.0858,5320000.1717,2019-03-29T12:48:31.846000Z
1.12384,1.1238700000000001,4389999.8665,1000000.0,2019-03-29T12:48:32.050000Z
1.12385,1.12388,3319999.9332,2140000.1049,2019-03-29T12:48:32.487000Z
1.12386,1.12389,3640000.1049,1100000.0238,2019-03-29T12:48:32.643000Z
1.12388,1.1239100000000002,4369999.8856,9949999.8093,2019-03-29T12:48:32.746000Z
1.12388,1.1239100000000002,3819999.9332,1690000.0572,2019-03-29T12:48:32.865000Z
1.12389,1.12392,1220000.0286,9449999.8093,2019-03-29T12:48:32.968000Z
1.12389,1.1239000000000001,1200000.0477,12569999.6948,2019-03-29T12:48:33.071000Z
1.1238700000000001,1.12388,1200000.0477,1250000.0,2019-03-29T12:48:33.173000Z
1.12386,1.12388,2470000.0286,1250000.0,2019-03-29T12:48:33.285000Z
1.12385,1.12388,2349999.9046,1009999.9905,2019-03-29T12:48:33.387000Z
1.12385,1.12388,1570000.0525,1009999.9905,2019-03-29T12:48:33.489000Z
1.12384,1.1238700000000001,7539999.9619,1000000.0,2019-03-29T12:48:33.796000Z
1.12385,1.12388,1100000.0238,2509999.9905,2019-03-29T12:48:34.106000Z
1.12385,1.1238700000000001,1200000.0477,2619999.8856,2019-03-29T12:48:34.208000Z
1.12384,1.1238700000000001,4789999.9619,7590000.1526,2019-03-29T12:48:34.756000Z
1.12382,1.12384,6070000.1717,3710000.0381,2019-03-29T12:48:34.859000Z
1.1238100000000002,1.12384,2349999.9046,2619999.8856,2019-03-29T12:48:34.963000Z
1.1238100000000002,1.12384,1570000.0525,7219999.7902,2019-03-29T12:48:35.065000Z
1.1238000000000001,1.12384,6409999.8474,4500000.0,2019-03-29T12:48:35.370000Z
1.12382,1.12384,1000000.0,3750000.0,2019-03-29T12:48:35.523000Z
1.1238299999999999,1.12384,1250000.0,1000000.0,2019-03-29T12:48:36.023000Z
1.1238299999999999,1.12385,1690000.0572,2619999.8856,2019-03-29T12:48:36.187000Z
1.12382,1.12385,2349999.9046,5190000.0572,2019-03-29T12:48:36.884000Z
1.1238100000000002,1.12384,1789999.9619,3750000.0,2019-03-29T12:48:36.987000Z
1.1238100000000002,1.1238299999999999,1789999.9619,1120000.0048,2019-03-29T12:48:37.090000Z
1.1238100000000002,1.12384,1789999.9619,3369999.8856,2019-03-29T12:48:37.649000Z
1.1238000000000001,1.12384,13220000.267,2619999.8856,2019-03-29T12:48:37.904000Z
1.12382,1.12385,1000000.0,8140000.3433,2019-03-29T12:48:38.097000Z
1.1238299999999999,1.12385,1009999.9905,1120000.0048,2019-03-29T12:48:38.201000Z
1.1238299999999999,1.12386,1759999.9905,1870000.0048,2019-03-29T12:48:38.303000Z
1.12384,1.12386,1000000.0,2619999.8856,2019-03-29T12:48:38.441000Z
1.1238299999999999,1.12385,1759999.9905,1000000.0,2019-03-29T12:48:38.543000Z
1.1238299999999999,1.12386,1350000.0238,1500000.0,2019-03-29T12:48:38.766000Z
1.1238299999999999,1.1238700000000001,1350000.0238,9229999.5422,2019-03-29T12:48:38.868000Z
1.12384,1.12386,1000000.0,3069999.9332,2019-03-29T12:48:38.970000Z
1.1238299999999999,1.12386,1759999.9905,1000000.0,2019-03-29T12:48:39.128000Z
1.1238299999999999,1.12385,1000000.0,1500000.0,2019-03-29T12:48:39.281000Z
1.12382,1.12386,3259999.9905,4199999.8093,2019-03-29T12:48:39.485000Z
1.12382,1.12384,1100000.0238,1870000.0048,2019-03-29T12:48:39.846000Z
1.12384,1.1238700000000001,2250000.0,3599999.9046,2019-03-29T12:48:39.950000Z
1.12384,1.1238700000000001,4389999.8665,1500000.0,2019-03-29T12:48:40.001000Z
1.1238299999999999,1.12385,4949999.8093,7280000.2098,2019-03-29T12:48:40.107000Z
1.12382,1.12384,1950000.0477,2589999.9142,2019-03-29T12:48:40.159000Z
1.12382,1.12385,1950000.0477,4869999.8856,2019-03-29T12:48:40.307000Z
1.12382,1.12384,1870000.0048,1120000.0048,2019-03-29T12:48:41.016000Z
1.1238100000000002,1.12385,10539999.9619,1200000.0477,2019-03-29T12:48:41.118000Z
1.12384,1.1238700000000001,1500000.0,7769999.9809,2019-03-29T12:48:41.825000Z
1.12384,1.12388,1309999.9428,2700000.0477,2019-03-29T12:48:41.983000Z
1.12384,1.12388,2140000.1049,5469999.7902,2019-03-29T12:48:42.085000Z
1.12384,1.12388,4309999.9428,6119999.8856,2019-03-29T12:48:43.201000Z
1.12385,1.12388,1120000.0048,1950000.0477,2019-03-29T12:48:43.399000Z
1.12386,1.12389,1120000.0048,2210000.0381,2019-03-29T12:48:44.090000Z
1.1238700000000001,1.12389,1000000.0,1100000.0238,2019-03-29T12:48:44.294000Z
1.12386,1.1238700000000001,1500000.0,1000000.0,2019-03-29T12:48:44.396000Z
1.12384,1.12386,2809999.9428,1090000.0334,2019-03-29T12:48:44.502000Z
1.12384,1.1238700000000001,2809999.9428,2589999.9142,2019-03-29T12:48:44.604000Z
1.12384,1.12386,1870000.0048,1000000.0,2019-03-29T12:48:44.841000Z
1.1238299999999999,1.12386,2059999.9428,1100000.0238,2019-03-29T12:48:44.943000Z
1.12384,1.12386,1120000.0048,5300000.1907,2019-03-29T12:48:45.084000Z
1.1238299999999999,1.12385,6190000.0572,1570000.0525,2019-03-29T12:48:45.187000Z
1.12382,1.12384,1120000.0048,4360000.1335,2019-03-29T12:48:45.758000Z
1.1238100000000002,1.12385,5510000.2289,1950000.0477,2019-03-29T12:48:45.864000Z
1.1238100000000002,1.12385,3640000.1049,1009999.9905,2019-03-29T12:48:45.967000Z
1.12382,1.12385,1120000.0048,3339999.9142,2019-03-29T12:48:46.119000Z
1.1238100000000002,1.12385,4389999.8665,1690000.0572,2019-03-29T12:48:46.369000Z
1.12382,1.12385,1000000.0,3190000.0572,2019-03-29T12:48:47.036000Z
1.12382,1.12385,1750000.0,1870000.0048,2019-03-29T12:48:48.894000Z
1.12382,1.12385,2809999.9428,1870000.0048,2019-03-29T12:48:49.367000Z
1.1238100000000002,1.12384,4949999.8093,1009999.9905,2019-03-29T12:48:50.068000Z
1.1238100000000002,1.12384,1250000.0,10489999.7711,2019-03-29T12:48:50.170000Z
1.1238100000000002,1.12384,2809999.9428,1570000.0525,2019-03-29T12:48:50.911000Z
1.1238299999999999,1.12384,1120000.0048,1000000.0,2019-03-29T12:48:51.015000Z
1.1238299999999999,1.12386,1250000.0,1759999.9905,2019-03-29T12:48:51.066000Z
1.1238299999999999,1.12385,2890000.1049,1500000.0,2019-03-29T12:48:51.171000Z
1.1238299999999999,1.12386,1250000.0,1759999.9905,2019-03-29T12:48:51.273000Z
1.1238299999999999,1.1238700000000001,1009999.9905,5289999.9619,2019-03-29T12:48:51.987000Z
1.1238299999999999,1.12386,3009999.9905,1000000.0,2019-03-29T12:48:52.413000Z
1.12382,1.12385,8350000.3815,1000000.0,2019-03-29T12:48:52.922000Z
1.12382,1.1238299999999999,1100000.0238,1840000.0334,2019-03-29T12:48:53.025000Z
1.1238100000000002,1.1238299999999999,2000000.0,1000000.0,2019-03-29T12:48:53.169000Z
1.1238100000000002,1.12384,2000000.0,2029999.9714,2019-03-29T12:48:53.329000Z
1.1238100000000002,1.1238299999999999,1500000.0,1090000.0334,2019-03-29T12:48:53.432000Z
1.1238000000000001,1.1238299999999999,2509999.9905,1120000.0048,2019-03-29T12:48:53.534000Z
1.1238100000000002,1.1238299999999999,1000000.0,4119999.8856,2019-03-29T12:48:53.794000Z
1.1238000000000001,1.1238299999999999,2140000.1049,1120000.0048,2019-03-29T12:48:53.998000Z
1.1238000000000001,1.12384,6110000.1335,2509999.9905,2019-03-29T12:48:54.766000Z
1.1238100000000002,1.1238299999999999,1870000.0048,1000000.0,2019-03-29T12:48:55.070000Z
1.1238000000000001,1.12384,5360000.1335,1009999.9905,2019-03-29T12:48:55.173000Z
1.1238100000000002,1.1238299999999999,1120000.0048,1120000.0048,2019-03-29T12:48:55.633000Z
1.1238000000000001,1.12384,4610000.1335,2559999.9428,2019-03-29T12:48:55.748000Z
1.1238000000000001,1.12384,5139999.8665,5340000.1526,2019-03-29T12:48:56.172000Z
1.1238000000000001,1.12384,6639999.8665,5210000.0381,2019-03-29T12:48:56.274000Z
1.1238000000000001,1.1238299999999999,8140000.3433,1000000.0,2019-03-29T12:48:56.770000Z
1.1238000000000001,1.12384,5889999.8665,2960000.0381,2019-03-29T12:48:56.975000Z
1.1238000000000001,1.12384,4610000.1335,1759999.9905,2019-03-29T12:48:57.077000Z
1.1238000000000001,1.1238299999999999,6860000.1335,1000000.0,2019-03-29T12:48:57.192000Z
1.1238000000000001,1.12384,4989999.7711,2140000.1049,2019-03-29T12:48:57.363000Z
1.1238000000000001,1.12384,4989999.7711,2160000.0858,2019-03-29T12:48:57.465000Z
1.1238000000000001,1.12384,4989999.7711,8510000.2289,2019-03-29T12:48:58.559000Z
1.1238100000000002,1.1238299999999999,1000000.0,1120000.0048,2019-03-29T12:48:59.348000Z
1.12382,1.12384,1500000.0,2319999.9332,2019-03-29T12:48:59.667000Z
1.12384,1.1238700000000001,2059999.9428,1720000.0286,2019-03-29T12:48:59.799000Z
1.12385,1.12388,1100000.0238,12310000.4196,2019-03-29T12:48:59.851000Z
1.12385,1.12388,5659999.8474,1000000.0,2019-03-29T12:49:00.056000Z
1.12386,1.12389,5699999.8093,3339999.9142,2019-03-29T12:49:00.159000Z
1.12388,1.1239000000000001,1000000.0,2250000.0,2019-03-29T12:49:00.264000Z
1.12389,1.1239100000000002,4010000.2289,1000000.0,2019-03-29T12:49:00.366000Z
1.12389,1.1239299999999999,3940000.0572,1100000.0238,2019-03-29T12:49:00.469000Z
1.1239000000000001,1.1239299999999999,1750000.0,1100000.0238,2019-03-29T12:49:00.520000Z
1.12392,1.12394,3750000.0,4019999.9809,2019-03-29T12:49:00.622000Z
1.12392,1.1239299999999999,1500000.0,1500000.0,2019-03-29T12:49:00.734000Z
1.1239100000000002,1.12394,4570000.1717,2890000.1049,2019-03-29T12:49:00.836000Z
1.1239000000000001,1.12394,7309999.9428,1860000.0143,2019-03-29T12:49:00.938000Z
1.1239100000000002,1.12394,1000000.0,5179999.8283,2019-03-29T12:49:01.040000Z
1.1239000000000001,1.12394,7309999.9428,1840000.0334,2019-03-29T12:49:01.142000Z
1.1239100000000002,1.12394,1000000.0,7429999.8283,2019-03-29T12:49:01.344000Z
1.1239100000000002,1.1239299999999999,3369999.8856,1570000.0525,2019-03-29T12:49:01.447000Z
1.1239100000000002,1.12394,1120000.0048,10060000.4196,2019-03-29T12:49:01.599000Z
1.12392,1.12394,3559999.9428,1200000.0477,2019-03-29T12:49:01.702000Z
1.1239299999999999,1.12395,1120000.0048,2319999.9332,2019-03-29T12:49:01.804000Z
1.12392,1.12395,2059999.9428,1200000.0477,2019-03-29T12:49:02.321000Z
1.1239299999999999,1.12395,1120000.0048,1100000.0238,2019-03-29T12:49:02.423000Z
1.1239299999999999,1.12396,3559999.9428,4389999.8665,2019-03-29T12:49:02.809000Z
1.12395,1.12396,1250000.0,1950000.0477,2019-03-29T12:49:02.911000Z
1.12396,1.12399,1159999.9666,4070000.1717,2019-03-29T12:49:03.014000Z
1.1239700000000001,1.12399,3940000.0572,1100000.0238,2019-03-29T12:49:03.116000Z
1.1239700000000001,1.124,3940000.0572,3069999.9332,2019-03-29T12:49:03.249000Z
1.12398,1.124,1000000.0,1100000.0238,2019-03-29T12:49:03.351000Z
1.1239700000000001,1.124,4690000.0572,3069999.9332,2019-03-29T12:49:03.454000Z
1.1239700000000001,1.124,1250000.0,2049999.9523,2019-03-29T12:49:03.837000Z
1.1239700000000001,1.124,1250000.0,1950000.0477,2019-03-29T12:49:04.079000Z
1.12396,1.124,8850000.3815,2140000.1049,2019-03-29T12:49:05.038000Z
1.12395,1.12399,6190000.0572,1179999.9475,2019-03-29T12:49:05.140000Z
1.12395,1.12399,8060000.4196,4420000.0763,2019-03-29T12:49:05.313000Z
1.12395,1.12399,3190000.0572,1179999.9475,2019-03-29T12:49:05.415000Z
1.12395,1.12398,5809999.9428,1480000.0191,2019-03-29T12:49:05.569000Z
1.12395,1.1239700000000001,4500000.0,2599999.9046,2019-03-29T12:49:05.831000Z
1.12394,1.12395,3069999.9332,1000000.0,2019-03-29T12:49:05.883000Z
1.12392,1.12395,2059999.9428,4639999.8665,2019-03-29T12:49:05.935000Z
1.1239100000000002,1.12395,4750000.0,3900000.0954,2019-03-29T12:49:06.470000Z
1.1239100000000002,1.12395,3250000.0,2049999.9523,2019-03-29T12:49:06.650000Z
1.1239100000000002,1.12395,3250000.0,2769999.9809,2019-03-29T12:49:06.806000Z
1.12392,1.12394,1250000.0,1120000.0048,2019-03-29T12:49:06.949000Z
1.1239100000000002,1.12395,3250000.0,2019999.9809,2019-03-29T12:49:07.078000Z
1.12392,1.12394,1000000.0,4869999.8856,2019-03-29T12:49:07.294000Z
1.1239000000000001,1.1239299999999999,3819999.9332,1950000.0477,2019-03-29T12:49:07.396000Z
1.1239000000000001,1.1239299999999999,2190000.0572,1970000.0286,2019-03-29T12:49:07.517000Z
1.1239000000000001,1.12394,3759999.9905,10399999.6185,2019-03-29T12:49:07.774000Z
1.1239000000000001,1.12394,2190000.0572,11750000.0,2019-03-29T12:49:08.553000Z
1.1239000000000001,1.1239299999999999,2190000.0572,3750000.0,2019-03-29T12:49:08.706000Z
1.1239000000000001,1.12394,2190000.0572,9880000.1144,2019-03-29T12:49:09.162000Z
1.1239000000000001,1.1239299999999999,1750000.0,2250000.0,2019-03-29T12:49:09.540000Z
1.1239000000000001,1.12394,2190000.0572,9149999.6185,2019-03-29T12:49:09.642000Z
1.1239100000000002,1.1239299999999999,1120000.0048,1600000.0238,2019-03-29T12:49:09.810000Z
1.1239000000000001,1.1239100000000002,2250000.0,1000000.0,2019-03-29T12:49:10.308000Z
1.12388,1.1239100000000002,4469999.7902,1000000.0,2019-03-29T12:49:10.359000Z
1.12389,1.12392,1759999.9905,1000000.0,2019-03-29T12:49:10.462000Z
1.12389,1.1239100000000002,1690000.0572,1000000.0,2019-03-29T12:49:10.725000Z
1.12389,1.12392,1250000.0,1000000.0,2019-03-29T12:49:10.928000Z
1.1239000000000001,1.12392,1370000.0048,1120000.0048,2019-03-29T12:49:11.643000Z
1.1239000000000001,1.1239299999999999,3619999.8856,9050000.1907,2019-03-29T12:49:11.745000Z
1.12389,1.12392,1309999.9428,1000000.0,2019-03-29T12:49:11.951000Z
1.12389,1.1239100000000002,3259999.9905,1000000.0,2019-03-29T12:49:12.124000Z
1.12389,1.1239000000000001,1250000.0,1000000.0,2019-03-29T12:49:12.573000Z
1.12388,1.1239100000000002,3250000.0,1000000.0,2019-03-29T12:49:12.676000Z
1.12389,1.1239299999999999,1309999.9428,3920000.0763,2019-03-29T12:49:13.220000Z
1.1239100000000002,1.12394,1500000.0,6300000.1907,2019-03-29T12:49:13.323000Z
1.1239100000000002,1.12394,1500000.0,3549999.9523,2019-03-29T12:49:13.439000Z
1.1239100000000002,1.12394,3250000.0,1850000.0238,2019-03-29T12:49:13.544000Z
1.1239100000000002,1.12396,7369999.8856,9869999.8856,2019-03-29T12:49:13.649000Z
1.1239100000000002,1.1239299999999999,2319999.9332,1000000.0,2019-03-29T12:49:13.908000Z
1.1239000000000001,1.12394,2890000.1049,2289999.9619,2019-03-29T12:49:14.010000Z
1.1239000000000001,1.12394,3819999.9332,2099999.9046,2019-03-29T12:49:14.214000Z
1.1239299999999999,1.12396,1690000.0572,3670000.0763,2019-03-29T12:49:14.317000Z
1.12392,1.12395,2809999.9428,1000000.0,2019-03-29T12:49:14.420000Z
1.12392,1.12396,2059999.9428,5699999.8093,2019-03-29T12:49:14.879000Z
1.12392,1.12395,2809999.9428,1000000.0,2019-03-29T12:49:15.033000Z
1.12392,1.12396,1309999.9428,3450000.0477,2019-03-29T12:49:15.186000Z
1.12392,1.12396,4309999.9428,2049999.9523,2019-03-29T12:49:16.311000Z
1.12392,1.12396,4309999.9428,2319999.9332,2019-03-29T12:49:16.414000Z
1.1239299999999999,1.12395,1500000.0,1000000.0,2019-03-29T12:49:16.517000Z
1.12392,1.12396,2059999.9428,6429999.8283,2019-03-29T12:49:16.619000Z
1.1239299999999999,1.12395,1000000.0,1100000.0238,2019-03-29T12:49:16.772000Z
1.12392,1.12395,6559999.9428,1000000.0,2019-03-29T12:49:16.925000Z
1.12392,1.12396,5809999.9428,1950000.0477,2019-03-29T12:49:17.027000Z
1.1239299999999999,1.12396,2500000.0,1200000.0477,2019-03-29T12:49:17.129000Z
1.12395,1.12396,2440000.0572,1000000.0,2019-03-29T12:49:17.333000Z
1.1239700000000001,1.124,1500000.0,1350000.0238,2019-03-29T12:49:17.436000Z
1.1239700000000001,1.124,4500000.0,3240000.0095,2019-03-29T12:49:17.550000Z
1.12396,1.124,1120000.0048,12050000.1907,2019-03-29T12:49:18.008000Z
1.12396,1.12399,1120000.0048,4940000.0572,2019-03-29T12:49:18.316000Z
1.12395,1.12399,5190000.0572,1389999.9857,2019-03-29T12:49:18.418000Z
1.12396,1.12399,1620000.0048,2859999.8951,2019-03-29T12:49:18.818000Z
1.12396,1.12399,1000000.0,3339999.9142,2019-03-29T12:49:19.340000Z
1.12398,1.12399,1500000.0,1100000.0238,2019-03-29T12:49:19.718000Z
1.124,1.1240100000000002,1000000.0,1000000.0,2019-03-29T12:49:19.872000Z
1.12399,1.12403,5250000.0,1450000.0477,2019-03-29T12:49:19.924000Z
1.124,1.12403,1100000.0238,2500000.0,2019-03-29T12:49:20.077000Z
1.12399,1.12403,2700000.0477,2480000.0191,2019-03-29T12:49:21.097000Z
1.12399,1.12403,1220000.0286,3000000.0,2019-03-29T12:49:21.767000Z
1.12398,1.12402,4159999.8474,4690000.0572,2019-03-29T12:49:22.037000Z
1.12398,1.1240100000000002,3640000.1049,1870000.0048,2019-03-29T12:49:22.650000Z
1.12398,1.12402,1009999.9905,3240000.0095,2019-03-29T12:49:22.752000Z
1.1239700000000001,1.12399,1950000.0477,1000000.0,2019-03-29T12:49:22.855000Z
1.12396,1.12399,4949999.8093,1000000.0,2019-03-29T12:49:22.957000Z
1.1239700000000001,1.124,1000000.0,2509999.9905,2019-03-29T12:49:23.059000Z
1.124,1.1240100000000002,1000000.0,2319999.9332,2019-03-29T12:49:23.162000Z
1.124,1.12402,3750000.0,1100000.0238,2019-03-29T12:49:23.254000Z
1.124,1.12404,4219999.7902,1759999.9905,2019-03-29T12:49:23.308000Z
1.124,1.12404,1220000.0286,3339999.9142,2019-03-29T12:49:23.718000Z
1.124,1.12404,1000000.0,7090000.1526,2019-03-29T12:49:24.104000Z
1.12399,1.12404,7570000.1717,5650000.0954,2019-03-29T12:49:24.206000Z
1.124,1.12403,1000000.0,1720000.0286,2019-03-29T12:49:24.409000Z
1.12399,1.12404,3450000.0477,4869999.8856,2019-03-29T12:49:24.511000Z
1.12399,1.12403,3640000.1049,1100000.0238,2019-03-29T12:49:24.776000Z
1.12399,1.12404,7389999.8665,8560000.4196,2019-03-29T12:49:24.878000Z
1.12399,1.12404,6760000.2289,2859999.8951,2019-03-29T12:49:25.763000Z
1.124,1.12403,1120000.0048,1000000.0,2019-03-29T12:49:26.005000Z
1.12399,1.12404,2140000.1049,6079999.9237,2019-03-29T12:49:26.107000Z
1.124,1.12403,1000000.0,1120000.0048,2019-03-29T12:49:26.209000Z
1.12399,1.12404,3640000.1049,6429999.8283,2019-03-29T12:49:27.208000Z
1.12398,1.124,5099999.9046,2440000.0572,2019-03-29T12:49:27.260000Z
1.1239700000000001,1.12399,1100000.0238,1350000.0238,2019-03-29T12:49:27.364000Z
1.12396,1.12399,1000000.0,1350000.0238,2019-03-29T12:49:27.467000Z
1.12396,1.12399,2750000.0,1350000.0238,2019-03-29T12:49:27.926000Z
1.12396,1.12398,1120000.0048,2029999.9714,2019-03-29T12:49:28.283000Z
1.12396,1.12399,1000000.0,2109999.8951,2019-03-29T12:49:30.621000Z
1.12396,1.12398,1000000.0,1000000.0,2019-03-29T12:49:30.926000Z
1.12395,1.12398,1200000.0477,1120000.0048,2019-03-29T12:49:31.044000Z
1.12396,1.12398,1250000.0,1200000.0477,2019-03-29T12:49:34.215000Z
1.1239700000000001,1.124,1570000.0525,2250000.0,2019-03-29T12:49:34.266000Z
1.12398,1.1240100000000002,2849999.9046,6039999.9619,2019-03-29T12:49:34.369000Z
1.12398,1.12403,7199999.8093,8239999.7711,2019-03-29T12:49:34.472000Z
1.12398,1.12402,7219999.7902,1250000.0,2019-03-29T12:49:34.576000Z
1.12398,1.12403,5909999.8474,8859999.6567,2019-03-29T12:49:34.908000Z
1.12399,1.12402,1950000.0477,2589999.9142,2019-03-29T12:49:35.010000Z
1.12398,1.12403,6659999.8474,7360000.1335,2019-03-29T12:49:35.215000Z
1.12399,1.12402,1950000.0477,2589999.9142,2019-03-29T12:49:35.317000Z
1.12399,1.12403,1200000.0477,6610000.1335,2019-03-29T12:49:35.506000Z
1.12399,1.12402,9949999.8093,1840000.0334,2019-03-29T12:49:35.811000Z
1.12399,1.12403,7570000.1717,12529999.733,2019-03-29T12:49:35.929000Z
1.12399,1.12402,2819999.9332,1840000.0334,2019-03-29T12:49:36.553000Z
1.12399,1.12402,1200000.0477,1000000.0,2019-03-29T12:49:36.906000Z
1.12399,1.12403,1200000.0477,6530000.2098,2019-03-29T12:49:37.059000Z
1.1240100000000002,1.12403,1000000.0,1389999.9857,2019-03-29T12:49:37.672000Z
1.12399,1.12403,5170000.0763,1309999.9428,2019-03-29T12:49:37.774000Z
1.124,1.12403,1220000.0286,1309999.9428,2019-03-29T12:49:37.877000Z
1.124,1.12404,1570000.0525,14140000.3433,2019-03-29T12:49:38.132000Z
1.1240100000000002,1.12403,1120000.0048,3980000.0191,2019-03-29T12:49:40.503000Z
1.124,1.12403,1950000.0477,2890000.1049,2019-03-29T12:49:40.863000Z
1.12398,1.12402,10159999.8474,2220000.0286,2019-03-29T12:49:41.218000Z
1.12398,1.124,1570000.0525,4119999.8856,2019-03-29T12:49:41.327000Z
1.12396,1.12398,3099999.9046,1000000.0,2019-03-29T12:49:41.429000Z
1.12396,1.12398,1570000.0525,1250000.0,2019-03-29T12:49:41.531000Z
1.12395,1.12398,1000000.0,1750000.0,2019-03-29T12:49:41.634000Z
1.12394,1.12398,5469999.7902,3319999.9332,2019-03-29T12:49:42.027000Z
1.12395,1.12398,1120000.0048,3319999.9332,2019-03-29T12:49:42.267000Z
1.12394,1.12398,2470000.0286,6070000.1717,2019-03-29T12:49:42.631000Z
1.12395,1.1239700000000001,1000000.0,2059999.9428,2019-03-29T12:49:42.733000Z
1.12394,1.12398,3220000.0286,5949999.8093,2019-03-29T12:49:43.715000Z
1.12394,1.12398,4570000.1717,6320000.1717,2019-03-29T12:49:44.304000Z
1.12395,1.1239700000000001,1220000.0286,1250000.0,2019-03-29T12:49:44.851000Z
1.12394,1.12395,1000000.0,1500000.0,2019-03-29T12:49:44.955000Z
1.12392,1.12395,7539999.9619,1000000.0,2019-03-29T12:49:45.058000Z
1.12392,1.12396,6789999.9619,3369999.8856,2019-03-29T12:49:45.159000Z
1.1239299999999999,1.12395,1200000.0477,1000000.0,2019-03-29T12:49:45.262000Z
1.12392,1.12396,6789999.9619,3369999.8856,2019-03-29T12:49:45.493000Z
1.12392,1.12395,1200000.0477,7309999.9428,2019-03-29T12:49:45.995000Z
1.1239000000000001,1.12394,8960000.0381,1500000.0,2019-03-29T12:49:46.098000Z
1.12392,1.12394,1120000.0048,1120000.0048,2019-03-29T12:49:46.776000Z
1.1239299999999999,1.12395,1000000.0,3750000.0,2019-03-29T12:49:46.878000Z
1.12394,1.12396,1500000.0,1000000.0,2019-03-29T12:49:47.216000Z
1.12394,1.1239700000000001,3069999.9332,5059999.9428,2019-03-29T12:49:47.318000Z
1.12394,1.12396,2319999.9332,1000000.0,2019-03-29T12:49:48.922000Z
1.12394,1.1239700000000001,1100000.0238,1690000.0572,2019-03-29T12:49:49.531000Z
1.12394,1.12396,2319999.9332,1000000.0,2019-03-29T12:49:49.634000Z
1.1239299999999999,1.1239700000000001,5159999.8474,1250000.0,2019-03-29T12:49:49.737000Z
1.1239299999999999,1.12396,4199999.8093,1870000.0048,2019-03-29T12:49:51.219000Z
1.1239100000000002,1.12394,2349999.9046,3559999.9428,2019-03-29T12:49:51.377000Z
1.1239100000000002,1.12394,1200000.0477,6690000.0572,2019-03-29T12:49:51.479000Z
1.1239100000000002,1.12394,1970000.0286,6690000.0572,2019-03-29T12:49:51.582000Z
1.1239100000000002,1.12394,1220000.0286,1690000.0572,2019-03-29T12:49:51.685000Z
1.1239000000000001,1.12394,7159999.8474,3559999.9428,2019-03-29T12:49:52.403000Z
1.12392,1.12394,1500000.0,2619999.8856,2019-03-29T12:49:52.659000Z
1.12394,1.12396,1000000.0,2049999.9523,2019-03-29T12:49:52.761000Z
1.12394,1.1239700000000001,1000000.0,10890000.3433,2019-03-29T12:49:52.863000Z
1.12394,1.12396,1120000.0048,3250000.0,2019-03-29T12:49:53.024000Z
1.12394,1.12396,1000000.0,3000000.0,2019-03-29T12:49:53.126000Z
1.12394,1.1239700000000001,2509999.9905,2809999.9428,2019-03-29T12:49:53.230000Z
1.12395,1.12398,1000000.0,6250000.0,2019-03-29T12:49:53.898000Z
1.12395,1.12398,1950000.0477,1870000.0048,2019-03-29T12:49:54Z
1.12395,1.12399,2099999.9046,3859999.8951,2019-03-29T12:49:54.103000Z
1.12395,1.12398,1600000.0238,1250000.0,2019-03-29T12:49:54.205000Z
1.12394,1.12398,3470000.0286,3190000.0572,2019-03-29T12:49:54.313000Z
1.12395,1.1239700000000001,1100000.0238,1000000.0,2019-03-29T12:49:54.466000Z
1.12394,1.12398,2720000.0286,2059999.9428,2019-03-29T12:49:54.897000Z
1.12394,1.1239700000000001,4969999.7902,1000000.0,2019-03-29T12:49:57.132000Z
1.12395,1.12398,1000000.0,7460000.0381,2019-03-29T12:49:57.279000Z
1.12394,1.12398,2250000.0,2140000.1049,2019-03-29T12:49:57.432000Z
1.12395,1.12398,1000000.0,5889999.8665,2019-03-29T12:49:57.534000Z
1.12394,1.1239700000000001,1870000.0048,1570000.0525,2019-03-29T12:49:57.636000Z
1.12394,1.12398,2619999.8856,5889999.8665,2019-03-29T12:49:57.840000Z
1.12394,1.1239700000000001,6000000.0,2250000.0,2019-03-29T12:49:57.952000Z
1.12395,1.12398,1000000.0,9710000.0381,2019-03-29T12:49:58.054000Z
1.12394,1.12398,3369999.8856,5889999.8665,2019-03-29T12:49:58.207000Z
1.12395,1.12399,1000000.0,3190000.0572,2019-03-29T12:49:58.311000Z
1.12394,1.12399,16010000.2289,2450000.0477,2019-03-29T12:49:58.415000Z
1.12394,1.12398,9340000.1526,1570000.0525,2019-03-29T12:49:58.776000Z
1.12395,1.12398,1120000.0048,4500000.0,2019-03-29T12:49:58.878000Z
1.12394,1.12398,4239999.7711,1500000.0,2019-03-29T12:49:59.762000Z
1.12394,1.1239700000000001,9489999.7711,1000000.0,2019-03-29T12:49:59.864000Z
1.12395,1.12398,1250000.0,5110000.1335,2019-03-29T12:50:00.629000Z
1.12396,1.124,1759999.9905,11300000.1907,2019-03-29T12:50:00.743000Z
1.12396,1.12398,1500000.0,2440000.0572,2019-03-29T12:50:00.847000Z
1.12395,1.12399,2849999.9046,4300000.1907,2019-03-29T12:50:01.545000Z
1.12396,1.12399,1000000.0,6170000.0763,2019-03-29T12:50:01.845000Z
1.12395,1.12399,2849999.9046,3170000.0763,2019-03-29T12:50:02.159000Z
1.1239700000000001,1.12399,1690000.0572,2319999.9332,2019-03-29T12:50:03.430000Z
1.12399,1.124,2440000.0572,3069999.9332,2019-03-29T12:50:03.542000Z
1.124,1.12402,1250000.0,1570000.0525,2019-03-29T12:50:03.644000Z
1.124,1.12403,1250000.0,2809999.9428,2019-03-29T12:50:03.747000Z
1.124,1.12403,3309999.9428,4760000.2289,2019-03-29T12:50:04.053000Z
1.12402,1.12404,1000000.0,5500000.0,2019-03-29T12:50:04.721000Z
1.1240100000000002,1.12405,10409999.8474,1759999.9905,2019-03-29T12:50:04.916000Z
1.12402,1.12405,1600000.0238,1690000.0572,2019-03-29T12:50:05.019000Z
1.12402,1.12405,1000000.0,1250000.0,2019-03-29T12:50:05.223000Z
1.1240100000000002,1.12404,2349999.9046,3190000.0572,2019-03-29T12:50:09.448000Z
1.1240100000000002,1.12403,3000000.0,1250000.0,2019-03-29T12:50:09.552000Z
1.124,1.12404,5840000.1526,3259999.9905,2019-03-29T12:50:09.667000Z
1.12402,1.12404,1000000.0,1500000.0,2019-03-29T12:50:10.590000Z
1.1240100000000002,1.12405,5880000.1144,1500000.0,2019-03-29T12:50:10.693000Z
1.1240100000000002,1.12406,6750000.0,7610000.1335,2019-03-29T12:50:10.795000Z
1.12404,1.1240700000000001,1000000.0,7070000.1717,2019-03-29T12:50:12.764000Z
1.12404,1.1240700000000001,3000000.0,4119999.8856,2019-03-29T12:50:12.931000Z
1.12403,1.12405,1100000.0238,6369999.8856,2019-03-29T12:50:13.355000Z
1.1240100000000002,1.12404,2619999.8856,1009999.9905,2019-03-29T12:50:13.458000Z
1.1240100000000002,1.12404,1100000.0238,5260000.2289,2019-03-29T12:50:13.790000Z
1.124,1.12404,8720000.267,1009999.9905,2019-03-29T12:50:13.892000Z
1.1240100000000002,1.12404,1100000.0238,4510000.2289,2019-03-29T12:50:13.994000Z
1.1240100000000002,1.12404,1100000.0238,3259999.9905,2019-03-29T12:50:14.097000Z
1.1240100000000002,1.12404,1100000.0238,5260000.2289,2019-03-29T12:50:14.820000Z
1.124,1.12404,3450000.0477,1850000.0238,2019-03-29T12:50:14.923000Z
1.124,1.12403,3440000.0572,1700000.0477,2019-03-29T12:50:15.103000Z
1.124,1.12404,1200000.0477,3109999.8951,2019-03-29T12:50:15.205000Z
1.124,1.12403,4190000.0572,2819999.9332,2019-03-29T12:50:15.932000Z
1.124,1.12404,1950000.0477,5360000.1335,2019-03-29T12:50:16.034000Z
1.124,1.12403,2690000.0572,3569999.9332,2019-03-29T12:50:16.506000Z
1.124,1.12404,1200000.0477,8359999.6567,2019-03-29T12:50:16.609000Z
1.12399,1.12402,1009999.9905,1000000.0,2019-03-29T12:50:18.030000Z
1.12398,1.12402,2509999.9905,2450000.0477,2019-03-29T12:50:18.133000Z
1.12399,1.1240100000000002,2619999.8856,1000000.0,2019-03-29T12:50:18.236000Z
1.12399,1.12403,5619999.8856,3640000.1049,2019-03-29T12:50:18.288000Z
1.124,1.12402,1120000.0048,1500000.0,2019-03-29T12:50:18.390000Z
1.12399,1.12403,9369999.8856,4760000.2289,2019-03-29T12:50:18.493000Z
1.12399,1.12402,8739999.7711,1500000.0,2019-03-29T12:50:18.633000Z
1.12399,1.12403,3369999.8856,3339999.9142,2019-03-29T12:50:18.736000Z
1.12399,1.12402,5739999.7711,2250000.0,2019-03-29T12:50:19.132000Z
1.12399,1.12403,1870000.0048,5590000.1526,2019-03-29T12:50:19.234000Z
1.12399,1.12402,2619999.8856,1000000.0,2019-03-29T12:50:19.865000Z
1.12398,1.1240100000000002,2809999.9428,2619999.8856,2019-03-29T12:50:19.967000Z
1.12398,1.1240100000000002,4489999.7711,8000000.0,2019-03-29T12:50:20.069000Z
1.12398,1.1240100000000002,1870000.0048,2619999.8856,2019-03-29T12:50:20.218000Z
1.1239700000000001,1.124,3259999.9905,4500000.0,2019-03-29T12:50:21.809000Z
1.1239700000000001,1.12399,1000000.0,1250000.0,2019-03-29T12:50:21.860000Z
1.12396,1.12399,1000000.0,2569999.9332,2019-03-29T12:50:22.008000Z
1.12396,1.12399,1000000.0,4760000.2289,2019-03-29T12:50:23.102000Z
1.12395,1.12399,2619999.8856,4010000.2289,2019-03-29T12:50:23.204000Z
1.12396,1.12398,1000000.0,2250000.0,2019-03-29T12:50:23.360000Z
1.12395,1.12399,1950000.0477,3190000.0572,2019-03-29T12:50:23.717000Z
1.12395,1.12399,1950000.0477,3289999.9619,2019-03-29T12:50:23.819000Z
1.12395,1.12399,1950000.0477,3559999.9428,2019-03-29T12:50:24.105000Z
1.12396,1.12399,1570000.0525,7309999.9428,2019-03-29T12:50:24.285000Z
1.12395,1.12399,3450000.0477,3940000.0572,2019-03-29T12:50:24.387000Z
1.12396,1.12399,1000000.0,5190000.0572,2019-03-29T12:50:24.489000Z
1.12396,1.12399,1940000.0572,8699999.8093,2019-03-29T12:50:25.356000Z
1.12396,1.12399,4599999.9046,1690000.0572,2019-03-29T12:50:25.562000Z
1.12396,1.124,4039999.9619,3369999.8856,2019-03-29T12:50:27.196000Z
1.12396,1.12399,8350000.3815,1000000.0,2019-03-29T12:50:27.298000Z
1.12396,1.124,3849999.9046,3190000.0572,2019-03-29T12:50:27.400000Z
1.1239700000000001,1.12399,1200000.0477,1000000.0,2019-03-29T12:50:27.675000Z
1.1239700000000001,1.124,1200000.0477,5510000.2289,2019-03-29T12:50:27.778000Z
1.12396,1.12399,6099999.9046,1000000.0,2019-03-29T12:50:29.412000Z
1.12396,1.124,2349999.9046,2440000.0572,2019-03-29T12:50:29.571000Z
1.1239700000000001,1.124,1009999.9905,2500000.0,2019-03-29T12:50:29.674000Z
1.12399,1.1240100000000002,1000000.0,4199999.8093,2019-03-29T12:50:30.833000Z
1.12399,1.12402,6219999.7902,1100000.0238,2019-03-29T12:50:30.936000Z
1.12399,1.12402,1570000.0525,2250000.0,2019-03-29T12:50:31.401000Z
1.12399,1.12403,1000000.0,8210000.0381,2019-03-29T12:50:31.503000Z
1.12399,1.12402,4489999.7711,1500000.0,2019-03-29T12:50:31.985000Z
1.124,1.12403,1500000.0,4760000.2289,2019-03-29T12:50:33.062000Z
1.12399,1.12403,4570000.1717,1250000.0,2019-03-29T12:50:33.164000Z
1.124,1.12403,1000000.0,1250000.0,2019-03-29T12:50:33.318000Z
1.12399,1.12403,6070000.1717,1250000.0,2019-03-29T12:50:33.475000Z
1.124,1.12403,1110000.0143,4309999.9428,2019-03-29T12:50:33.627000Z
1.12399,1.12403,6429999.8283,1309999.9428,2019-03-29T12:50:34.349000Z
1.1240100000000002,1.12404,1750000.0,9670000.0763,2019-03-29T12:50:35.533000Z
1.12403,1.12404,1500000.0,1200000.0477,2019-03-29T12:50:35.636000Z
1.12404,1.12406,1500000.0,2250000.0,2019-03-29T12:50:35.725000Z
1.12404,1.1240700000000001,2319999.9332,1159999.9666,2019-03-29T12:50:35.880000Z
1.12402,1.12406,7119999.8856,2500000.0,2019-03-29T12:50:36.338000Z
1.1240100000000002,1.12404,2619999.8856,1250000.0,2019-03-29T12:50:36.440000Z
1.1240100000000002,1.12404,5500000.0,1250000.0,2019-03-29T12:50:36.542000Z
1.1240100000000002,1.12404,1970000.0286,1750000.0,2019-03-29T12:50:38.144000Z
1.124,1.12404,1500000.0,5210000.0381,2019-03-29T12:50:38.198000Z
1.124,1.12403,1500000.0,1000000.0,2019-03-29T12:50:38.301000Z
1.124,1.12404,1000000.0,4460000.0381,2019-03-29T12:50:38.454000Z
1.124,1.12404,3740000.0095,3759999.9905,2019-03-29T12:50:38.759000Z
1.124,1.12404,1870000.0048,4840000.1526,2019-03-29T12:50:38.879000Z
1.12399,1.12404,7750000.0,1460000.0381,2019-03-29T12:50:39.083000Z
1.124,1.12404,2619999.8856,9340000.1526,2019-03-29T12:50:39.185000Z
1.1240100000000002,1.12405,1500000.0,9550000.1907,2019-03-29T12:50:40.156000Z
1.124,1.12405,6179999.8283,5420000.0763,2019-03-29T12:50:40.258000Z
1.1240100000000002,1.12405,2319999.9332,8550000.1907,2019-03-29T12:50:40.360000Z
1.12403,1.12405,1000000.0,3519999.9809,2019-03-29T12:50:40.728000Z
1.12402,1.12405,4719999.7902,1350000.0238,2019-03-29T12:50:40.830000Z
1.1240100000000002,1.12404,1309999.9428,1120000.0048,2019-03-29T12:50:40.958000Z
1.12402,1.12405,1500000.0,4949999.8093,2019-03-29T12:50:41.060000Z
1.1240100000000002,1.12405,3549999.9523,1100000.0238,2019-03-29T12:50:41.522000Z
1.1240100000000002,1.12405,5119999.8856,1200000.0477,2019-03-29T12:50:42.898000Z
1.12402,1.12404,1000000.0,4119999.8856,2019-03-29T12:50:48.317000Z
1.1240100000000002,1.12404,1000000.0,4570000.1717,2019-03-29T12:50:48.419000Z
1.124,1.12404,5610000.1335,1570000.0525,2019-03-29T12:50:48.699000Z
1.1240100000000002,1.12404,1000000.0,1570000.0525,2019-03-29T12:50:48.801000Z
1.124,1.12404,3730000.0191,1200000.0477,2019-03-29T12:50:49.005000Z
1.124,1.12404,1110000.0143,6050000.1907,2019-03-29T12:50:49.274000Z
1.124,1.12404,1110000.0143,5920000.0763,2019-03-29T12:50:49.682000Z
1.124,1.12403,1110000.0143,1000000.0,2019-03-29T12:50:49.882000Z
1.124,1.12404,1110000.0143,4800000.1907,2019-03-29T12:50:50.042000Z
1.124,1.12404,4230000.0191,10050000.1907,2019-03-29T12:50:50.416000Z
1.124,1.12403,3829999.9237,1000000.0,2019-03-29T12:50:50.518000Z
1.124,1.12404,3829999.9237,6670000.0763,2019-03-29T12:50:50.695000Z
1.124,1.12404,1500000.0,7170000.0763,2019-03-29T12:50:51.474000Z
1.124,1.12404,1600000.0238,1720000.0286,2019-03-29T12:50:51.976000Z
1.12402,1.12404,1000000.0,1500000.0,2019-03-29T12:50:52.282000Z
1.12402,1.12404,1000000.0,2369999.8856,2019-03-29T12:50:52.384000Z
1.1240100000000002,1.12404,2980000.0191,2369999.8856,2019-03-29T12:50:52.486000Z
1.12402,1.12404,3000000.0,2250000.0,2019-03-29T12:50:53.192000Z
1.1240100000000002,1.12405,6989999.7711,1299999.9523,2019-03-29T12:50:53.243000Z
1.12404,1.12406,1000000.0,1500000.0,2019-03-29T12:50:53.421000Z
1.12404,1.12408,2720000.0286,4550000.1907,2019-03-29T12:50:53.473000Z
1.12404,1.1240700000000001,4219999.7902,1500000.0,2019-03-29T12:50:53.576000Z
1.12404,1.12408,1950000.0477,7570000.1717,2019-03-29T12:50:55.335000Z
1.12405,1.12408,1000000.0,4550000.1907,2019-03-29T12:50:57.390000Z
1.12404,1.12408,3450000.0477,3220000.0286,2019-03-29T12:50:58.328000Z
1.12403,1.12406,11699999.8093,1000000.0,2019-03-29T12:50:58.680000Z
1.12403,1.12405,1000000.0,1309999.9428,2019-03-29T12:50:58.783000Z
1.12403,1.12406,1000000.0,4949999.8093,2019-03-29T12:50:59.498000Z
1.12403,1.12406,1000000.0,5070000.1717,2019-03-29T12:51:00.074000Z
1.12402,1.12404,1570000.0525,5349999.9046,2019-03-29T12:51:00.278000Z
1.1240100000000002,1.12404,1220000.0286,1539999.9619,2019-03-29T12:51:00.395000Z
1.124,1.12403,3819999.9332,1000000.0,2019-03-29T12:51:00.447000Z
1.124,1.12404,1570000.0525,2660000.0858,2019-03-29T12:51:00.769000Z
1.12402,1.12404,1000000.0,5260000.2289,2019-03-29T12:51:00.871000Z
1.124,1.12404,2700000.0477,3640000.1049,2019-03-29T12:51:00.923000Z
1.124,1.12403,1200000.0477,1100000.0238,2019-03-29T12:51:01.026000Z
1.124,1.12402,1000000.0,1000000.0,2019-03-29T12:51:03.088000Z
1.12399,1.1240100000000002,3819999.9332,4869999.8856,2019-03-29T12:51:03.190000Z
1.1239700000000001,1.12399,3450000.0477,1250000.0,2019-03-29T12:51:03.293000Z
1.12396,1.12399,2680000.0668,3250000.0,2019-03-29T12:51:03.344000Z
1.12396,1.12399,3069999.9332,2250000.0,2019-03-29T12:51:03.911000Z
1.12398,1.124,1120000.0048,1000000.0,2019-03-29T12:51:03.963000Z
1.12398,1.1240100000000002,9109999.6567,1200000.0477,2019-03-29T12:51:04.068000Z
1.12399,1.12402,1309999.9428,1250000.0,2019-03-29T12:51:04.171000Z
1.12399,1.12402,2190000.0572,2440000.0572,2019-03-29T12:51:05.289000Z
1.12399,1.12403,1250000.0,9449999.8093,2019-03-29T12:51:05.417000Z
1.12399,1.12402,1690000.0572,2940000.0572,2019-03-29T12:51:05.761000Z
1.12399,1.12402,1250000.0,1250000.0,2019-03-29T12:51:05.957000Z
1.124,1.12403,1000000.0,6119999.8856,2019-03-29T12:51:06.416000Z
1.124,1.12404,2700000.0477,3640000.1049,2019-03-29T12:51:06.554000Z
1.124,1.12404,4619999.8856,8140000.3433,2019-03-29T12:51:06.992000Z
1.124,1.12404,1870000.0048,3259999.9905,2019-03-29T12:51:07.094000Z
1.124,1.12404,4599999.9046,2509999.9905,2019-03-29T12:51:07.443000Z
1.124,1.12404,3069999.9332,2059999.9428,2019-03-29T12:51:07.546000Z
1.1240100000000002,1.12404,1000000.0,2059999.9428,2019-03-29T12:51:09.009000Z
1.12403,1.12405,2369999.8856,4949999.8093,2019-03-29T12:51:09.061000Z
1.12404,1.12406,1120000.0048,3000000.0,2019-03-29T12:51:09.163000Z
1.12403,1.1240700000000001,5809999.9428,6760000.2289,2019-03-29T12:51:09.435000Z
1.12402,1.12404,5699999.8093,1250000.0,2019-03-29T12:51:09.941000Z
1.1240100000000002,1.12405,2349999.9046,14119999.8856,2019-03-29T12:51:10.054000Z
1.124,1.12405,10569999.6948,13170000.0763,2019-03-29T12:51:10.157000Z
1.124,1.12405,5920000.0763,11649999.6185,2019-03-29T12:51:10.760000Z
1.1240100000000002,1.12404,1000000.0,2809999.9428,2019-03-29T12:51:10.863000Z
1.1240100000000002,1.12403,1000000.0,1500000.0,2019-03-29T12:51:11.015000Z
1.1240100000000002,1.12404,3819999.9332,4760000.2289,2019-03-29T12:51:11.270000Z
1.124,1.12404,5469999.7902,1450000.0477,2019-03-29T12:51:11.402000Z
1.12402,1.12404,1000000.0,2059999.9428,2019-03-29T12:51:11.775000Z
1.12402,1.12405,4789999.9619,1120000.0048,2019-03-29T12:51:11.877000Z
1.1240100000000002,1.12404,6469999.7902,5119999.8856,2019-03-29T12:51:12.041000Z
1.1240100000000002,1.12403,2700000.0477,1250000.0,2019-03-29T12:51:12.198000Z
1.12402,1.12404,1100000.0238,3640000.1049,2019-03-29T12:51:12.567000Z
1.1240100000000002,1.12404,5090000.1526,2569999.9332,2019-03-29T12:51:12.670000Z
1.12402,1.12404,1200000.0477,2440000.0572,2019-03-29T12:51:12.996000Z
1.1240100000000002,1.12403,1200000.0477,1250000.0,2019-03-29T12:51:15.249000Z
1.1240100000000002,1.12403,1600000.0238,2440000.0572,2019-03-29T12:51:15.503000Z
1.1240100000000002,1.12403,1100000.0238,1250000.0,2019-03-29T12:51:16.518000Z
1.124,1.12403,3640000.1049,1750000.0,2019-03-29T12:51:17.432000Z
1.124,1.12403,3660000.0858,1250000.0,2019-03-29T12:51:18.135000Z
1.124,1.12403,2890000.1049,1370000.0048,2019-03-29T12:51:18.438000Z
1.124,1.12403,4199999.8093,1009999.9905,2019-03-29T12:51:20.443000Z
1.1240100000000002,1.12403,1000000.0,1250000.0,2019-03-29T12:51:23.901000Z
1.124,1.12403,3819999.9332,1250000.0,2019-03-29T12:51:24.111000Z
1.124,1.12404,3490000.0095,1750000.0,2019-03-29T12:51:24.686000Z
1.1240100000000002,1.12404,1000000.0,2059999.9428,2019-03-29T12:51:26.073000Z
1.1240100000000002,1.12404,1000000.0,1350000.0238,2019-03-29T12:51:26.176000Z
1.124,1.12404,3299999.9523,2970000.0286,2019-03-29T12:51:26.493000Z
1.1240100000000002,1.12404,1000000.0,2869999.8856,2019-03-29T12:51:26.595000Z
1.12403,1.12404,1250000.0,1120000.0048,2019-03-29T12:51:26.915000Z
1.12405,1.1240700000000001,1000000.0,1120000.0048,2019-03-29T12:51:26.967000Z
1.12404,1.12408,5139999.8665,3500000.0,2019-03-29T12:51:30.342000Z
1.12404,1.12408,9000000.0,8750000.0,2019-03-29T12:51:30.443000Z
1.12404,1.12408,4389999.8665,2750000.0,2019-03-29T12:51:30.894000Z
1.12404,1.1240700000000001,10010000.2289,1620000.0048,2019-03-29T12:51:31.151000Z
1.12404,1.1240700000000001,2890000.1049,3000000.0,2019-03-29T12:51:31.304000Z
1.12404,1.1240700000000001,5510000.2289,2369999.8856,2019-03-29T12:51:32.551000Z
1.12404,1.1240700000000001,10760000.2289,1120000.0048,2019-03-29T12:51:32.832000Z
1.124,1.1240100000000002,1950000.0477,1870000.0048,2019-03-29T12:51:34.932000Z
1.12399,1.124,1950000.0477,1120000.0048,2019-03-29T12:51:35.035000Z
1.12395,1.12398,4500000.0,1120000.0048,2019-03-29T12:51:35.137000Z
1.12396,1.12399,1120000.0048,9640000.3433,2019-03-29T12:51:35.934000Z
1.12396,1.12398,1120000.0048,4119999.8856,2019-03-29T12:51:36.036000Z
1.12395,1.12399,1950000.0477,4690000.0572,2019-03-29T12:51:36.140000Z
1.12396,1.12398,1120000.0048,2619999.8856,2019-03-29T12:51:36.321000Z
1.12398,1.1240100000000002,1690000.0572,5199999.8093,2019-03-29T12:51:36.373000Z
1.12399,1.1240100000000002,1000000.0,2450000.0477,2019-03-29T12:51:36.476000Z
1.12399,1.1240100000000002,1000000.0,1120000.0048,2019-03-29T12:51:36.783000Z
1.12399,1.12402,1000000.0,1120000.0048,2019-03-29T12:51:37.133000Z
1.12399,1.1240100000000002,1000000.0,1500000.0,2019-03-29T12:51:37.388000Z
1.12399,1.12402,1250000.0,1200000.0477,2019-03-29T12:51:37.593000Z
1.124,1.12403,2619999.8856,3069999.9332,2019-03-29T12:51:37.696000Z
1.124,1.12404,9420000.0763,1309999.9428,2019-03-29T12:51:37.798000Z
1.1240100000000002,1.12404,1500000.0,2190000.0572,2019-03-29T12:51:37.901000Z
1.1240100000000002,1.12404,2990000.0095,3940000.0572,2019-03-29T12:51:38.107000Z
1.1240100000000002,1.12404,1120000.0048,2559999.9428,2019-03-29T12:51:38.361000Z
1.1240100000000002,1.12404,1120000.0048,2140000.1049,2019-03-29T12:51:38.514000Z
1.124,1.12404,8539999.9619,1250000.0,2019-03-29T12:51:38.785000Z
1.1240100000000002,1.12404,1000000.0,1690000.0572,2019-03-29T12:51:38.887000Z
1.12402,1.12404,1950000.0477,1120000.0048,2019-03-29T12:51:40.519000Z
1.1240100000000002,1.12404,1120000.0048,1309999.9428,2019-03-29T12:51:40.803000Z
1.1240100000000002,1.12405,5809999.9428,7119999.8856,2019-03-29T12:51:41.008000Z
1.1240100000000002,1.12405,1570000.0525,3250000.0,2019-03-29T12:51:41.110000Z
1.12402,1.12405,1500000.0,1450000.0477,2019-03-29T12:51:43.347000Z
1.12404,1.1240700000000001,2619999.8856,2250000.0,2019-03-29T12:51:43.506000Z
1.12405,1.12408,1000000.0,9010000.2289,2019-03-29T12:51:44.016000Z
1.12404,1.12408,1570000.0525,1309999.9428,2019-03-29T12:51:44.288000Z
1.12404,1.1240700000000001,3750000.0,1000000.0,2019-03-29T12:51:44.441000Z
1.12404,1.12408,1000000.0,3259999.9905,2019-03-29T12:51:44.543000Z
1.12405,1.12409,2250000.0,4460000.0381,2019-03-29T12:51:44.807000Z
1.12405,1.12409,2319999.9332,6010000.2289,2019-03-29T12:51:44.964000Z
1.12405,1.12408,2319999.9332,1620000.0048,2019-03-29T12:51:45.271000Z
1.12405,1.12408,4219999.7902,2250000.0,2019-03-29T12:51:45.374000Z
1.12404,1.12408,7539999.9619,1120000.0048,2019-03-29T12:51:45.635000Z
1.12404,1.12408,10119999.8856,2369999.8856,2019-03-29T12:51:45.984000Z
1.12404,1.12409,3039999.9619,6760000.2289,2019-03-29T12:51:46.086000Z
1.12404,1.12408,3970000.0286,1250000.0,2019-03-29T12:51:47.815000Z
1.12404,1.12408,2849999.9046,1690000.0572,2019-03-29T12:51:48.290000Z
1.1240700000000001,1.12409,3750000.0,4219999.7902,2019-03-29T12:51:48.863000Z
1.12409,1.1241100000000002,1100000.0238,1000000.0,2019-03-29T12:51:49.011000Z
1.1241,1.1241200000000002,1500000.0,1120000.0048,2019-03-29T12:51:49.319000Z
1.1241200000000002,1.12414,7199999.8093,1500000.0,2019-03-29T12:51:49.370000Z
1.1241200000000002,1.12414,1570000.0525,1250000.0,2019-03-29T12:51:49.488000Z
1.1241100000000002,1.12413,1200000.0477,1870000.0048,2019-03-29T12:51:49.590000Z
1.1241100000000002,1.12413,1220000.0286,2809999.9428,2019-03-29T12:51:49.692000Z
1.1241,1.12414,3789999.9619,2619999.8856,2019-03-29T12:51:50.423000Z
1.12413,1.12415,1000000.0,4619999.8856,2019-03-29T12:51:50.532000Z
1.12414,1.12416,1200000.0477,2250000.0,2019-03-29T12:51:50.585000Z
1.12414,1.12418,2700000.0477,3559999.9428,2019-03-29T12:51:50.688000Z
1.12414,1.12418,3660000.0858,3369999.8856,2019-03-29T12:51:50.791000Z
1.12414,1.12418,2890000.1049,3369999.8856,2019-03-29T12:51:50.906000Z
1.12414,1.12418,6659999.8474,4869999.8856,2019-03-29T12:51:51.131000Z
1.12416,1.12418,1000000.0,2250000.0,2019-03-29T12:51:51.438000Z
1.12416,1.12419,2099999.9046,3690000.0572,2019-03-29T12:51:51.927000Z
1.12416,1.12419,1200000.0477,6309999.9428,2019-03-29T12:51:52.630000Z
1.12415,1.12419,4219999.7902,2809999.9428,2019-03-29T12:51:53.576000Z
1.12418,1.1242,1250000.0,3369999.8856,2019-03-29T12:51:53.882000Z
1.12419,1.1242100000000002,1000000.0,6489999.7711,2019-03-29T12:51:53.985000Z
1.12418,1.1242100000000002,1950000.0477,7309999.9428,2019-03-29T12:51:54.099000Z
1.12418,1.1242,4010000.2289,1000000.0,2019-03-29T12:51:54.202000Z
1.12419,1.1242100000000002,1100000.0238,1500000.0,2019-03-29T12:51:54.304000Z
1.12418,1.1242100000000002,8909999.8474,1870000.0048,2019-03-29T12:51:54.406000Z
1.12418,1.1242200000000002,4539999.9619,3190000.0572,2019-03-29T12:51:55.580000Z
1.12418,1.1242100000000002,7489999.7711,1000000.0,2019-03-29T12:51:55.834000Z
1.12418,1.1242200000000002,4539999.9619,3190000.0572,2019-03-29T12:51:55.936000Z
1.12418,1.1242200000000002,4539999.9619,2940000.0572,2019-03-29T12:51:56.767000Z
1.12418,1.1242200000000002,3259999.9905,3309999.9428,2019-03-29T12:51:57.097000Z
1.12419,1.1242100000000002,1950000.0477,1000000.0,2019-03-29T12:51:57.783000Z
1.12419,1.12423,2140000.1049,3470000.0286,2019-03-29T12:51:57.921000Z
1.1242,1.12423,1100000.0238,3450000.0477,2019-03-29T12:51:58.024000Z
1.12419,1.12423,7409999.8474,5440000.0572,2019-03-29T12:51:58.699000Z
1.12419,1.12423,4409999.8474,3069999.9332,2019-03-29T12:51:58.802000Z
1.12419,1.1242200000000002,5909999.8474,1000000.0,2019-03-29T12:51:58.955000Z
1.12419,1.1242200000000002,3660000.0858,2869999.8856,2019-03-29T12:52:00.005000Z
1.12418,1.1242,1600000.0238,1000000.0,2019-03-29T12:52:00.109000Z
1.1241700000000001,1.1242,3980000.0191,1000000.0,2019-03-29T12:52:00.169000Z
1.1241700000000001,1.1242100000000002,5889999.8665,3559999.9428,2019-03-29T12:52:00.272000Z
1.1241700000000001,1.1242,5840000.1526,1000000.0,2019-03-29T12:52:00.374000Z
1.1241700000000001,1.1242100000000002,1690000.0572,2140000.1049,2019-03-29T12:52:00.476000Z
1.12419,1.1242,1250000.0,1120000.0048,2019-03-29T12:52:01.573000Z
1.12419,1.12423,1250000.0,12710000.0381,2019-03-29T12:52:01.675000Z
1.1241700000000001,1.12419,1870000.0048,2059999.9428,2019-03-29T12:52:01.777000Z
1.12415,1.12419,3619999.8856,4280000.2098,2019-03-29T12:52:01.880000Z
1.12416,1.12418,1250000.0,1769999.9809,2019-03-29T12:52:01.982000Z
1.12415,1.1241700000000001,5869999.8856,1000000.0,2019-03-29T12:52:02.338000Z
1.12415,1.12418,5869999.8856,1000000.0,2019-03-29T12:52:02.440000Z
1.12415,1.12419,3250000.0,4280000.2098,2019-03-29T12:52:03.162000Z
1.12416,1.1242,2250000.0,7099999.9046,2019-03-29T12:52:03.265000Z
1.1241700000000001,1.12419,6369999.8856,1000000.0,2019-03-29T12:52:03.416000Z
1.12418,1.1242200000000002,2809999.9428,6449999.8093,2019-03-29T12:52:03.469000Z
1.12419,1.1242200000000002,1000000.0,4840000.1526,2019-03-29T12:52:03.573000Z
1.12419,1.1242100000000002,1000000.0,1120000.0048,2019-03-29T12:52:03.678000Z
1.12418,1.1242100000000002,4760000.2289,2140000.1049,2019-03-29T12:52:03.781000Z
1.12418,1.1242200000000002,1690000.0572,5219999.7902,2019-03-29T12:52:03.992000Z
1.12418,1.1242100000000002,1000000.0,1500000.0,2019-03-29T12:52:04.095000Z
1.12416,1.1242100000000002,7599999.9046,4119999.8856,2019-03-29T12:52:04.199000Z
1.12416,1.1242,5139999.8665,2250000.0,2019-03-29T12:52:04.545000Z
1.1241700000000001,1.1242,1500000.0,4019999.9809,2019-03-29T12:52:04.647000Z
1.1241700000000001,1.12419,1000000.0,1000000.0,2019-03-29T12:52:04.953000Z
1.1241700000000001,1.1242,1000000.0,1309999.9428,2019-03-29T12:52:05.064000Z
1.1241700000000001,1.1242100000000002,2619999.8856,1950000.0477,2019-03-29T12:52:05.856000Z
1.12418,1.12423,2809999.9428,8029999.733,2019-03-29T12:52:05.958000Z
1.12419,1.12423,1250000.0,5610000.1335,2019-03-29T12:52:06.073000Z
1.12419,1.12423,3250000.0,8460000.0381,2019-03-29T12:52:06.227000Z
1.1242,1.12423,1250000.0,5610000.1335,2019-03-29T12:52:06.329000Z
1.1242,1.12423,1250000.0,3579999.9237,2019-03-29T12:52:06.484000Z
1.1242,1.1242200000000002,1309999.9428,1070000.0525,2019-03-29T12:52:06.732000Z
1.1242,1.12423,1250000.0,3960000.0381,2019-03-29T12:52:06.834000Z
1.1242,1.1242200000000002,1250000.0,1120000.0048,2019-03-29T12:52:07.432000Z
1.1242,1.12423,2440000.0572,1950000.0477,2019-03-29T12:52:07.654000Z
1.12423,1.1242400000000001,1000000.0,2319999.9332,2019-03-29T12:52:07.705000Z
1.1242200000000002,1.12425,3750000.0,3619999.8856,2019-03-29T12:52:07.808000Z
1.12423,1.12425,1000000.0,4369999.8856,2019-03-29T12:52:07.960000Z
1.1242200000000002,1.12425,5250000.0,1750000.0,2019-03-29T12:52:08.159000Z
1.12423,1.12425,1000000.0,3250000.0,2019-03-29T12:52:08.261000Z
1.1242200000000002,1.12425,5250000.0,1370000.0048,2019-03-29T12:52:09.011000Z
1.12423,1.12425,1000000.0,1100000.0238,2019-03-29T12:52:10.042000Z
1.1242400000000001,1.12426,1500000.0,2509999.9905,2019-03-29T12:52:10.144000Z
1.12423,1.12427,4500000.0,6409999.8474,2019-03-29T12:52:10.583000Z
1.1242400000000001,1.12427,1000000.0,6409999.8474,2019-03-29T12:52:10.911000Z
1.1242400000000001,1.12427,1000000.0,6219999.7902,2019-03-29T12:52:11.403000Z
1.1242400000000001,1.12426,1000000.0,1840000.0334,2019-03-29T12:52:11.680000Z
1.12423,1.12427,6000000.0,5469999.7902,2019-03-29T12:52:11.781000Z
1.1242400000000001,1.12426,1000000.0,3339999.9142,2019-03-29T12:52:11.884000Z
1.1242200000000002,1.12425,1000000.0,2619999.8856,2019-03-29T12:52:11.986000Z
1.1242100000000002,1.12425,4389999.8665,2059999.9428,2019-03-29T12:52:12.126000Z
1.12425,1.12426,1000000.0,3450000.0477,2019-03-29T12:52:12.279000Z
1.12425,1.12427,1000000.0,3750000.0,2019-03-29T12:52:12.383000Z
1.1242400000000001,1.12427,1250000.0,3000000.0,2019-03-29T12:52:13.883000Z
1.1242400000000001,1.12427,2910000.0858,1000000.0,2019-03-29T12:52:14.733000Z
1.12423,1.12425,1200000.0477,1250000.0,2019-03-29T12:52:15.930000Z
1.1242100000000002,1.1242400000000001,4500000.0,3190000.0572,2019-03-29T12:52:16.059000Z
1.1242,1.1242200000000002,1759999.9905,1000000.0,2019-03-29T12:52:16.162000Z
1.1242,1.12423,3940000.0572,2619999.8856,2019-03-29T12:52:16.316000Z
1.1242100000000002,1.12423,1000000.0,2619999.8856,2019-03-29T12:52:16.418000Z
1.1242100000000002,1.1242200000000002,1000000.0,1120000.0048,2019-03-29T12:52:16.581000Z
1.1242100000000002,1.12423,1000000.0,2619999.8856,2019-03-29T12:52:16.734000Z
1.1242,1.12423,4389999.8665,1120000.0048,2019-03-29T12:52:16.837000Z
1.1242,1.1242400000000001,4389999.8665,1309999.9428,2019-03-29T12:52:16.940000Z
1.1242100000000002,1.1242400000000001,1000000.0,3190000.0572,2019-03-29T12:52:17.137000Z
1.1242200000000002,1.1242400000000001,1120000.0048,1120000.0048,2019-03-29T12:52:17.750000Z
1.1242100000000002,1.1242400000000001,2250000.0,1000000.0,2019-03-29T12:52:18.060000Z
1.1242200000000002,1.1242400000000001,1000000.0,1000000.0,2019-03-29T12:52:18.366000Z
1.12423,1.1242400000000001,1000000.0,1000000.0,2019-03-29T12:52:18.468000Z
1.1242400000000001,1.12425,1000000.0,1100000.0238,2019-03-29T12:52:18.576000Z
1.1242400000000001,1.12426,1000000.0,2509999.9905,2019-03-29T12:52:18.678000Z
1.1242200000000002,1.12423,1000000.0,1000000.0,2019-03-29T12:52:18.781000Z
