bid,ask,bid_vol,ask_vol,time
1.13633,1.13635,4349999.9046,2250000.0,2018-11-30T13:45:00.199000Z
1.13633,1.13636,3970000.0286,1250000.0,2018-11-30T13:45:00.258000Z
1.1363400000000001,1.13637,3000000.0,3190000.0572,2018-11-30T13:45:02.040000Z
1.1363400000000001,1.13638,1309999.9428,3190000.0572,2018-11-30T13:45:02.095000Z
1.1363400000000001,1.13639,1250000.0,15600000.3815,2018-11-30T13:45:02.613000Z
1.1363400000000001,1.13638,2440000.0572,2059999.9428,2018-11-30T13:45:03.120000Z
1.13636,1.13638,2250000.0,1000000.0,2018-11-30T13:45:04.386000Z
1.13639,1.1364,4869999.8856,3000000.0,2018-11-30T13:45:04.439000Z
1.1364100000000001,1.1364200000000002,2849999.9046,1120000.0048,2018-11-30T13:45:04.491000Z
1.13643,1.13645,9220000.267,1000000.0,2018-11-30T13:45:04.600000Z
1.13643,1.13647,10420000.0763,1500000.0,2018-11-30T13:45:04.652000Z
1.13643,1.13645,9300000.1907,2250000.0,2018-11-30T13:45:04.808000Z
1.1364100000000001,1.1364400000000001,2099999.9046,2809999.9428,2018-11-30T13:45:04.934000Z
1.1364100000000001,1.1364200000000002,1500000.0,1250000.0,2018-11-30T13:45:05.039000Z
1.1364,1.1364200000000002,4309999.9428,1000000.0,2018-11-30T13:45:05.647000Z
1.1364100000000001,1.13643,1250000.0,1309999.9428,2018-11-30T13:45:06.201000Z
1.1364,1.1364400000000001,3190000.0572,6000000.0,2018-11-30T13:45:06.716000Z
1.1364,1.13643,3940000.0572,1309999.9428,2018-11-30T13:45:07.403000Z
1.13639,1.13643,3710000.0381,3940000.0572,2018-11-30T13:45:07.967000Z
1.13639,1.1364200000000002,6519999.9809,1000000.0,2018-11-30T13:45:08.888000Z
1.1364100000000001,1.1364400000000001,1000000.0,1120000.0048,2018-11-30T13:45:09.043000Z
1.13639,1.13643,6150000.0954,1690000.0572,2018-11-30T13:45:10.091000Z
1.13639,1.1364200000000002,7840000.1526,1000000.0,2018-11-30T13:45:10.764000Z
1.13638,1.1364100000000001,1000000.0,17930000.3052,2018-11-30T13:45:10.869000Z
1.13639,1.1364200000000002,1200000.0477,1309999.9428,2018-11-30T13:45:11.458000Z
1.1364,1.1364200000000002,1000000.0,2059999.9428,2018-11-30T13:45:12.962000Z
1.13638,1.1364200000000002,6070000.1717,1250000.0,2018-11-30T13:45:13.408000Z
1.13638,1.13639,2250000.0,1250000.0,2018-11-30T13:45:14.372000Z
1.13636,1.13638,3750000.0,1000000.0,2018-11-30T13:45:14.425000Z
1.1363400000000001,1.13638,7199999.8093,2440000.0572,2018-11-30T13:45:15.019000Z
1.1363400000000001,1.13638,1500000.0,3190000.0572,2018-11-30T13:45:15.522000Z
1.13633,1.13635,1500000.0,1250000.0,2018-11-30T13:45:15.896000Z
1.1363400000000001,1.13638,2319999.9332,6559999.9428,2018-11-30T13:45:16.211000Z
1.13635,1.13637,1000000.0,1000000.0,2018-11-30T13:45:16.873000Z
1.13633,1.13638,4119999.8856,7690000.0572,2018-11-30T13:45:17.375000Z
1.13633,1.13637,6000000.0,2250000.0,2018-11-30T13:45:19.548000Z
1.1363400000000001,1.13638,1690000.0572,3559999.9428,2018-11-30T13:45:19.601000Z
1.1363400000000001,1.13637,1120000.0048,3000000.0,2018-11-30T13:45:19.958000Z
1.1363400000000001,1.13637,1000000.0,3000000.0,2018-11-30T13:45:20.523000Z
1.13633,1.13637,1120000.0048,3940000.0572,2018-11-30T13:45:21.166000Z
1.1363400000000001,1.13636,1200000.0477,1500000.0,2018-11-30T13:45:21.830000Z
1.13633,1.13636,4119999.8856,1000000.0,2018-11-30T13:45:22.336000Z
1.13633,1.13637,4239999.7711,2440000.0572,2018-11-30T13:45:23.703000Z
1.1363400000000001,1.13637,1120000.0048,4690000.0572,2018-11-30T13:45:27.014000Z
1.1363400000000001,1.13636,2250000.0,1690000.0572,2018-11-30T13:45:27.517000Z
1.13633,1.13636,2470000.0286,1690000.0572,2018-11-30T13:45:28.183000Z
1.13633,1.13635,1500000.0,1250000.0,2018-11-30T13:45:29.219000Z
1.13629,1.1363200000000002,10050000.1907,1250000.0,2018-11-30T13:45:29.598000Z
1.1363,1.1363200000000002,1000000.0,2660000.0858,2018-11-30T13:45:30.150000Z
1.13629,1.1363200000000002,3000000.0,2660000.0858,2018-11-30T13:45:30.886000Z
1.1363,1.1363200000000002,1000000.0,2440000.0572,2018-11-30T13:45:32.968000Z
1.13629,1.1363200000000002,3000000.0,1250000.0,2018-11-30T13:45:33.611000Z
1.13629,1.1363100000000002,2250000.0,1000000.0,2018-11-30T13:45:34.154000Z
1.13629,1.1363200000000002,3000000.0,1250000.0,2018-11-30T13:45:35.096000Z
1.1362700000000001,1.13628,1200000.0477,1000000.0,2018-11-30T13:45:38.136000Z
1.13624,1.13626,3069999.9332,1000000.0,2018-11-30T13:45:38.243000Z
1.13624,1.1362700000000001,1000000.0,3369999.8856,2018-11-30T13:45:38.779000Z
1.13623,1.13628,3000000.0,8659999.8474,2018-11-30T13:45:39.746000Z
1.13623,1.13625,3750000.0,1000000.0,2018-11-30T13:45:39.848000Z
1.13625,1.1362700000000001,1370000.0048,5619999.8856,2018-11-30T13:45:40.314000Z
1.13624,1.13626,1200000.0477,1500000.0,2018-11-30T13:45:40.366000Z
1.13624,1.1362700000000001,1500000.0,1690000.0572,2018-11-30T13:45:40.874000Z
1.13623,1.1362700000000001,1570000.0525,2250000.0,2018-11-30T13:45:41.493000Z
1.13626,1.13628,1000000.0,1389999.9857,2018-11-30T13:45:42.300000Z
1.13628,1.1363100000000002,1500000.0,1690000.0572,2018-11-30T13:45:42.490000Z
1.13629,1.1363,1250000.0,1250000.0,2018-11-30T13:45:43.010000Z
1.13628,1.1363200000000002,4949999.8093,2440000.0572,2018-11-30T13:45:43.660000Z
1.13629,1.1363200000000002,1000000.0,4690000.0572,2018-11-30T13:45:45.028000Z
1.13628,1.1363200000000002,3450000.0477,2059999.9428,2018-11-30T13:45:45.547000Z
1.13626,1.13628,1450000.0477,2059999.9428,2018-11-30T13:45:46.071000Z
1.13624,1.13628,4199999.8093,5059999.9428,2018-11-30T13:45:46.128000Z
1.13625,1.13628,1000000.0,7909999.8474,2018-11-30T13:45:46.655000Z
1.13625,1.13628,1000000.0,7909999.8474,2018-11-30T13:45:47.604000Z
1.13624,1.13628,1000000.0,9409999.8474,2018-11-30T13:45:48.156000Z
1.13623,1.13626,1000000.0,1870000.0048,2018-11-30T13:45:48.661000Z
1.1362200000000002,1.13626,4389999.8665,1870000.0048,2018-11-30T13:45:49.210000Z
1.13623,1.13626,1000000.0,1870000.0048,2018-11-30T13:45:50.563000Z
1.1362200000000002,1.13626,5510000.2289,1870000.0048,2018-11-30T13:45:51.067000Z
1.1362200000000002,1.13626,16010000.2289,1870000.0048,2018-11-30T13:45:52.237000Z
1.1362200000000002,1.13626,4570000.1717,2059999.9428,2018-11-30T13:45:56.394000Z
1.13623,1.13626,4119999.8856,1870000.0048,2018-11-30T13:45:56.931000Z
1.13625,1.1362700000000001,1000000.0,3000000.0,2018-11-30T13:45:57.327000Z
1.13626,1.13629,1500000.0,7760000.2289,2018-11-30T13:45:57.485000Z
1.13628,1.13629,1500000.0,1250000.0,2018-11-30T13:45:57.539000Z
1.13628,1.1363100000000002,1120000.0048,1500000.0,2018-11-30T13:45:57.645000Z
1.13629,1.1363200000000002,1000000.0,1120000.0048,2018-11-30T13:45:58.164000Z
1.13625,1.1362700000000001,2619999.8856,13239999.7711,2018-11-30T13:45:58.216000Z
1.1362100000000002,1.13623,1250000.0,3750000.0,2018-11-30T13:45:58.425000Z
1.1362,1.13623,5699999.8093,1000000.0,2018-11-30T13:45:59.105000Z
1.1362100000000002,1.13624,1500000.0,3559999.9428,2018-11-30T13:45:59.632000Z
1.1362,1.13624,3450000.0477,3559999.9428,2018-11-30T13:46:00.134000Z
1.1362100000000002,1.13624,1000000.0,5809999.9428,2018-11-30T13:46:00.646000Z
1.1362100000000002,1.13623,1500000.0,2440000.0572,2018-11-30T13:46:01.189000Z
1.1362100000000002,1.13624,2099999.9046,1870000.0048,2018-11-30T13:46:02.042000Z
1.1362200000000002,1.13625,1500000.0,2809999.9428,2018-11-30T13:46:02.549000Z
1.13624,1.13626,1000000.0,3789999.9619,2018-11-30T13:46:02.601000Z
1.13624,1.1362700000000001,1500000.0,1120000.0048,2018-11-30T13:46:02.707000Z
1.13625,1.13628,1000000.0,2809999.9428,2018-11-30T13:46:03.265000Z
1.13624,1.13628,2619999.8856,2440000.0572,2018-11-30T13:46:03.769000Z
1.13625,1.13628,1000000.0,5440000.0572,2018-11-30T13:46:04.356000Z
1.13626,1.13628,1000000.0,1000000.0,2018-11-30T13:46:04.892000Z
1.13626,1.1363,1759999.9905,1120000.0048,2018-11-30T13:46:05.052000Z
1.13629,1.1363,1000000.0,1309999.9428,2018-11-30T13:46:05.322000Z
1.13629,1.1363200000000002,3369999.8856,1690000.0572,2018-11-30T13:46:05.376000Z
1.1363,1.1363200000000002,1000000.0,2440000.0572,2018-11-30T13:46:05.946000Z
1.13629,1.1363200000000002,1870000.0048,1250000.0,2018-11-30T13:46:06.485000Z
1.1363,1.1363200000000002,1000000.0,1690000.0572,2018-11-30T13:46:06.989000Z
1.1363,1.1363200000000002,2250000.0,1690000.0572,2018-11-30T13:46:08.750000Z
1.13629,1.1363200000000002,4199999.8093,1690000.0572,2018-11-30T13:46:09.299000Z
1.1363,1.1363200000000002,1000000.0,2440000.0572,2018-11-30T13:46:09.955000Z
1.13629,1.1363200000000002,6369999.8856,1250000.0,2018-11-30T13:46:10.500000Z
1.13629,1.1363,1500000.0,1000000.0,2018-11-30T13:46:10.552000Z
1.13629,1.1363200000000002,1000000.0,3000000.0,2018-11-30T13:46:10.709000Z
1.13628,1.1363200000000002,5699999.8093,1000000.0,2018-11-30T13:46:11.457000Z
1.13629,1.1363200000000002,2250000.0,1870000.0048,2018-11-30T13:46:11.993000Z
1.1363,1.13633,1000000.0,5809999.9428,2018-11-30T13:46:13.225000Z
1.13629,1.13633,2619999.8856,5059999.9428,2018-11-30T13:46:13.749000Z
1.1363,1.13633,1500000.0,4309999.9428,2018-11-30T13:46:15.043000Z
1.13629,1.13633,1870000.0048,4309999.9428,2018-11-30T13:46:15.915000Z
1.13629,1.13633,3940000.0572,3369999.8856,2018-11-30T13:46:20.476000Z
1.1363,1.1363400000000001,4690000.0572,5250000.0,2018-11-30T13:46:20.685000Z
1.13629,1.13633,3000000.0,2250000.0,2018-11-30T13:46:21.166000Z
1.13629,1.13633,12069999.6948,1350000.0238,2018-11-30T13:46:21.685000Z
1.13629,1.13633,9189999.5804,1000000.0,2018-11-30T13:46:22.205000Z
1.1363,1.13633,1500000.0,2250000.0,2018-11-30T13:46:23.299000Z
1.13629,1.13633,8630000.1144,1000000.0,2018-11-30T13:46:24.094000Z
1.1363,1.13633,1250000.0,1000000.0,2018-11-30T13:46:24.636000Z
1.1363100000000002,1.13633,1000000.0,2619999.8856,2018-11-30T13:46:25.333000Z
1.1363,1.13633,3000000.0,1870000.0048,2018-11-30T13:46:26.002000Z
1.1363100000000002,1.1363400000000001,5099999.9046,3190000.0572,2018-11-30T13:46:26.313000Z
1.1363100000000002,1.1363400000000001,2099999.9046,3559999.9428,2018-11-30T13:46:26.835000Z
1.1363,1.1363400000000001,10500000.0,2809999.9428,2018-11-30T13:46:27.398000Z
1.1363,1.1363400000000001,9369999.8856,2059999.9428,2018-11-30T13:46:28.783000Z
1.1363100000000002,1.13633,2250000.0,1000000.0,2018-11-30T13:46:29.331000Z
1.1363,1.1363400000000001,13010000.2289,1690000.0572,2018-11-30T13:46:29.872000Z
1.1363100000000002,1.13633,1000000.0,1000000.0,2018-11-30T13:46:31.368000Z
1.1363,1.1363400000000001,8319999.6948,1690000.0572,2018-11-30T13:46:31.894000Z
1.1363100000000002,1.13633,1500000.0,1000000.0,2018-11-30T13:46:32.673000Z
1.1363100000000002,1.1363400000000001,1000000.0,2440000.0572,2018-11-30T13:46:33.305000Z
1.1363100000000002,1.1363200000000002,1000000.0,3369999.8856,2018-11-30T13:46:33.718000Z
1.13629,1.13633,7010000.2289,2059999.9428,2018-11-30T13:46:33.891000Z
1.13629,1.13633,7989999.7711,1250000.0,2018-11-30T13:46:34.535000Z
1.1363100000000002,1.13633,1000000.0,1309999.9428,2018-11-30T13:46:36.500000Z
1.13629,1.13633,4690000.0572,1250000.0,2018-11-30T13:46:42.030000Z
1.1363,1.13633,1000000.0,1690000.0572,2018-11-30T13:46:43.779000Z
1.13629,1.1363100000000002,4500000.0,3750000.0,2018-11-30T13:46:43.934000Z
1.13624,1.13625,1000000.0,1000000.0,2018-11-30T13:46:44.285000Z
1.1362200000000002,1.13624,1000000.0,1120000.0048,2018-11-30T13:46:44.339000Z
1.13624,1.13626,1000000.0,12789999.9619,2018-11-30T13:46:44.445000Z
1.13623,1.13626,1500000.0,3599999.9046,2018-11-30T13:46:44.498000Z
1.13623,1.13626,1389999.9857,1500000.0,2018-11-30T13:46:45.067000Z
1.13623,1.13625,2140000.1049,1000000.0,2018-11-30T13:46:45.587000Z
1.13624,1.13628,2619999.8856,8140000.3433,2018-11-30T13:46:45.948000Z
1.13624,1.1362700000000001,4119999.8856,1000000.0,2018-11-30T13:46:46Z
1.13624,1.13626,1000000.0,1000000.0,2018-11-30T13:46:46.912000Z
1.13623,1.1362700000000001,4309999.9428,1000000.0,2018-11-30T13:46:47.431000Z
1.13624,1.13628,1250000.0,5250000.0,2018-11-30T13:46:48.598000Z
1.13625,1.13628,1190000.0572,3940000.0572,2018-11-30T13:46:48.783000Z
1.13624,1.13628,6750000.0,1000000.0,2018-11-30T13:46:49.568000Z
1.13624,1.13628,2440000.0572,1120000.0048,2018-11-30T13:46:50.088000Z
1.13624,1.13626,1000000.0,1000000.0,2018-11-30T13:46:50.489000Z
1.13626,1.13629,1500000.0,3000000.0,2018-11-30T13:46:51.163000Z
1.1362700000000001,1.1363,1000000.0,1500000.0,2018-11-30T13:46:51.281000Z
1.13628,1.1363200000000002,2250000.0,1500000.0,2018-11-30T13:46:51.493000Z
1.1363,1.1363200000000002,4349999.9046,1000000.0,2018-11-30T13:46:51.807000Z
1.1363,1.1363400000000001,2619999.8856,8060000.4196,2018-11-30T13:46:51.859000Z
1.1363,1.1363400000000001,7420000.0763,1000000.0,2018-11-30T13:46:52.389000Z
1.13629,1.1363100000000002,5250000.0,1500000.0,2018-11-30T13:46:52.834000Z
1.13628,1.1363100000000002,1950000.0477,3000000.0,2018-11-30T13:46:52.888000Z
1.13626,1.13629,2619999.8856,1000000.0,2018-11-30T13:46:52.993000Z
1.13624,1.13628,3190000.0572,2619999.8856,2018-11-30T13:46:53.098000Z
1.1362200000000002,1.13625,8140000.3433,3000000.0,2018-11-30T13:46:53.202000Z
1.1362,1.13624,2809999.9428,4119999.8856,2018-11-30T13:46:53.332000Z
1.1362100000000002,1.13624,4309999.9428,1100000.0238,2018-11-30T13:46:53.439000Z
1.1362100000000002,1.13625,2440000.0572,5059999.9428,2018-11-30T13:46:54.006000Z
1.13623,1.13626,4690000.0572,1500000.0,2018-11-30T13:46:54.320000Z
1.1362200000000002,1.13625,2809999.9428,1120000.0048,2018-11-30T13:46:54.581000Z
1.1362200000000002,1.13626,2059999.9428,3190000.0572,2018-11-30T13:46:55.475000Z
1.13624,1.13626,1000000.0,1870000.0048,2018-11-30T13:46:56.029000Z
1.13624,1.13625,1000000.0,1000000.0,2018-11-30T13:46:56.635000Z
1.13624,1.13626,1000000.0,1690000.0572,2018-11-30T13:46:57.160000Z
1.13623,1.13625,3940000.0572,1000000.0,2018-11-30T13:46:57.697000Z
1.13624,1.13626,1000000.0,4500000.0,2018-11-30T13:46:58.211000Z
1.13623,1.13625,1690000.0572,1000000.0,2018-11-30T13:46:58.266000Z
1.13623,1.13626,6190000.0572,1000000.0,2018-11-30T13:46:59.287000Z
1.13624,1.13626,1000000.0,1500000.0,2018-11-30T13:46:59.832000Z
1.13623,1.13626,4500000.0,2250000.0,2018-11-30T13:47:00.334000Z
1.13624,1.13628,1190000.0572,4309999.9428,2018-11-30T13:47:00.864000Z
1.1362700000000001,1.1363,1500000.0,1500000.0,2018-11-30T13:47:01.186000Z
1.13626,1.1363,12109999.6567,1500000.0,2018-11-30T13:47:01.690000Z
1.1362700000000001,1.1363100000000002,1370000.0048,1690000.0572,2018-11-30T13:47:02.596000Z
1.1362700000000001,1.1363,4500000.0,1250000.0,2018-11-30T13:47:03.111000Z
1.1362700000000001,1.1363100000000002,2809999.9428,1500000.0,2018-11-30T13:47:03.921000Z
1.1362700000000001,1.1363100000000002,2059999.9428,1500000.0,2018-11-30T13:47:04.468000Z
1.13629,1.1363,1000000.0,1000000.0,2018-11-30T13:47:05.156000Z
1.13628,1.1363200000000002,7690000.0572,1870000.0048,2018-11-30T13:47:05.208000Z
1.13629,1.1363200000000002,1250000.0,1690000.0572,2018-11-30T13:47:05.744000Z
1.13629,1.1363100000000002,1120000.0048,1250000.0,2018-11-30T13:47:07.368000Z
1.13629,1.1363200000000002,1250000.0,1690000.0572,2018-11-30T13:47:07.884000Z
1.1362700000000001,1.13629,2700000.0477,4750000.0,2018-11-30T13:47:08.232000Z
1.1362700000000001,1.1363,1000000.0,6940000.0572,2018-11-30T13:47:08.285000Z
1.13629,1.1363,1000000.0,1000000.0,2018-11-30T13:47:08.496000Z
1.13629,1.1363200000000002,1000000.0,2440000.0572,2018-11-30T13:47:09.095000Z
1.1363,1.1363100000000002,1000000.0,3750000.0,2018-11-30T13:47:09.656000Z
1.13628,1.1363,5059999.9428,4500000.0,2018-11-30T13:47:09.708000Z
1.13629,1.1363,1000000.0,3750000.0,2018-11-30T13:47:10.753000Z
1.1363,1.1363200000000002,1000000.0,1690000.0572,2018-11-30T13:47:11.013000Z
1.13628,1.1363200000000002,2809999.9428,2250000.0,2018-11-30T13:47:12.103000Z
1.13629,1.1363,1000000.0,1000000.0,2018-11-30T13:47:12.530000Z
1.13629,1.1363200000000002,1870000.0048,1250000.0,2018-11-30T13:47:13.037000Z
1.13629,1.13633,4119999.8856,4869999.8856,2018-11-30T13:47:13.545000Z
1.1363,1.13633,1000000.0,6369999.8856,2018-11-30T13:47:14.167000Z
1.1362700000000001,1.1363,1759999.9905,5099999.9046,2018-11-30T13:47:14.564000Z
1.1363,1.1363200000000002,1000000.0,1000000.0,2018-11-30T13:47:14.876000Z
1.13628,1.1363100000000002,7389999.8665,1500000.0,2018-11-30T13:47:15.541000Z
1.13628,1.1363200000000002,7010000.2289,1000000.0,2018-11-30T13:47:16.257000Z
1.13629,1.1363100000000002,1120000.0048,1000000.0,2018-11-30T13:47:16.865000Z
1.13628,1.1363200000000002,5250000.0,1690000.0572,2018-11-30T13:47:17.368000Z
1.13628,1.1363200000000002,6260000.2289,1500000.0,2018-11-30T13:47:19.755000Z
1.13629,1.1363200000000002,1500000.0,3750000.0,2018-11-30T13:47:21.874000Z
1.13629,1.1363100000000002,1500000.0,1000000.0,2018-11-30T13:47:22.481000Z
1.1363,1.13633,1000000.0,5059999.9428,2018-11-30T13:47:23.083000Z
1.1363200000000002,1.13633,2099999.9046,1500000.0,2018-11-30T13:47:23.445000Z
1.1363400000000001,1.13636,2470000.0286,1000000.0,2018-11-30T13:47:23.551000Z
1.1363400000000001,1.13637,1950000.0477,1120000.0048,2018-11-30T13:47:24.056000Z
1.13633,1.13635,2619999.8856,5619999.8856,2018-11-30T13:47:24.315000Z
1.1363200000000002,1.1363400000000001,1000000.0,1870000.0048,2018-11-30T13:47:24.829000Z
1.1363,1.13633,4010000.2289,2619999.8856,2018-11-30T13:47:24.935000Z
1.1363200000000002,1.13633,1000000.0,1000000.0,2018-11-30T13:47:25.597000Z
1.1363100000000002,1.13633,1000000.0,1000000.0,2018-11-30T13:47:26.147000Z
1.1363100000000002,1.13635,9300000.1907,1690000.0572,2018-11-30T13:47:26.407000Z
1.1363400000000001,1.13637,4909999.8474,3190000.0572,2018-11-30T13:47:26.810000Z
1.1363400000000001,1.13635,1000000.0,1000000.0,2018-11-30T13:47:27.754000Z
1.13633,1.13637,5440000.0572,3559999.9428,2018-11-30T13:47:28.117000Z
1.13633,1.13638,6260000.2289,6219999.7902,2018-11-30T13:47:28.722000Z
1.13635,1.13639,2619999.8856,6369999.8856,2018-11-30T13:47:28.904000Z
1.13635,1.13639,1190000.0572,5809999.9428,2018-11-30T13:47:29.832000Z
1.13635,1.13638,1500000.0,1000000.0,2018-11-30T13:47:30.355000Z
1.13635,1.13639,1690000.0572,5469999.7902,2018-11-30T13:47:31.296000Z
1.13635,1.13639,4760000.2289,4159999.8474,2018-11-30T13:47:31.998000Z
1.13635,1.13639,1570000.0525,2470000.0286,2018-11-30T13:47:32.575000Z
1.13635,1.13637,3750000.0,1000000.0,2018-11-30T13:47:33.721000Z
1.13635,1.13638,1500000.0,2250000.0,2018-11-30T13:47:34.223000Z
1.13635,1.13639,1000000.0,4349999.9046,2018-11-30T13:47:35.263000Z
1.13635,1.13639,2140000.1049,2059999.9428,2018-11-30T13:47:35.818000Z
1.13635,1.13639,4989999.7711,1309999.9428,2018-11-30T13:47:37.912000Z
1.1364,1.1364200000000002,1000000.0,1000000.0,2018-11-30T13:47:38.284000Z
1.13639,1.13643,4690000.0572,1500000.0,2018-11-30T13:47:38.859000Z
1.1364,1.1364200000000002,1000000.0,1000000.0,2018-11-30T13:47:39.608000Z
1.13639,1.13643,5510000.2289,1000000.0,2018-11-30T13:47:40.121000Z
1.1364,1.1364200000000002,1000000.0,1000000.0,2018-11-30T13:47:40.654000Z
1.13639,1.13643,7760000.2289,3000000.0,2018-11-30T13:47:41.877000Z
1.1364,1.13643,1120000.0048,3000000.0,2018-11-30T13:47:42.702000Z
1.13639,1.13643,9260000.2289,1120000.0048,2018-11-30T13:47:44.187000Z
1.1364,1.13643,1000000.0,2250000.0,2018-11-30T13:47:44.701000Z
1.1364,1.1364400000000001,4500000.0,6219999.7902,2018-11-30T13:47:45.273000Z
1.1364,1.13643,1000000.0,2470000.0286,2018-11-30T13:47:45.884000Z
1.1364100000000001,1.13643,1000000.0,1500000.0,2018-11-30T13:47:46.517000Z
1.13643,1.1364400000000001,1000000.0,1000000.0,2018-11-30T13:47:46.829000Z
1.1364100000000001,1.1364400000000001,1000000.0,1000000.0,2018-11-30T13:47:47.036000Z
1.1364100000000001,1.1364400000000001,6670000.0763,4500000.0,2018-11-30T13:47:48.149000Z
1.13646,1.13648,1370000.0048,2700000.0477,2018-11-30T13:47:48.204000Z
1.13646,1.13649,1100000.0238,4869999.8856,2018-11-30T13:47:48.310000Z
1.1364400000000001,1.13648,7389999.8665,1000000.0,2018-11-30T13:47:48.423000Z
1.13645,1.13648,1000000.0,3220000.0286,2018-11-30T13:47:49.541000Z
1.1364400000000001,1.13648,3450000.0477,3970000.0286,2018-11-30T13:47:50.064000Z
1.13643,1.13646,10010000.2289,1500000.0,2018-11-30T13:47:50.508000Z
1.13643,1.1364400000000001,1250000.0,1500000.0,2018-11-30T13:47:50.820000Z
1.1364200000000002,1.13647,6940000.0572,1500000.0,2018-11-30T13:47:50.873000Z
1.1364200000000002,1.1364400000000001,1200000.0477,1000000.0,2018-11-30T13:47:50.929000Z
1.1364,1.1364400000000001,5320000.1717,2250000.0,2018-11-30T13:47:51.224000Z
1.1364,1.1364200000000002,1870000.0048,4000000.0,2018-11-30T13:47:51.431000Z
1.1364,1.1364400000000001,1100000.0238,5099999.9046,2018-11-30T13:47:51.755000Z
1.1364,1.13643,3000000.0,1000000.0,2018-11-30T13:47:52.465000Z
1.1364100000000001,1.1364400000000001,2619999.8856,1690000.0572,2018-11-30T13:47:53.016000Z
1.1364,1.1364400000000001,6190000.0572,3039999.9619,2018-11-30T13:47:53.535000Z
1.1364,1.13643,5440000.0572,1870000.0048,2018-11-30T13:47:54.066000Z
1.1364,1.1364400000000001,6000000.0,6409999.8474,2018-11-30T13:47:59.147000Z
1.1364200000000002,1.13643,1500000.0,1000000.0,2018-11-30T13:47:59.253000Z
1.1364200000000002,1.13645,1000000.0,3000000.0,2018-11-30T13:47:59.358000Z
1.1364200000000002,1.1364400000000001,1000000.0,2250000.0,2018-11-30T13:47:59.863000Z
1.1364100000000001,1.13646,9560000.4196,4500000.0,2018-11-30T13:48:00.706000Z
1.13643,1.13647,4050000.1907,1120000.0048,2018-11-30T13:48:01.282000Z
1.1364200000000002,1.13645,1950000.0477,5289999.9619,2018-11-30T13:48:01.611000Z
1.1364200000000002,1.13646,3190000.0572,7349999.9046,2018-11-30T13:48:01.877000Z
1.13645,1.13648,1470000.0286,5250000.0,2018-11-30T13:48:02.100000Z
1.1364400000000001,1.13647,3750000.0,1120000.0048,2018-11-30T13:48:02.255000Z
1.1364400000000001,1.13648,1500000.0,7309999.9428,2018-11-30T13:48:02.774000Z
1.1364400000000001,1.13647,4199999.8093,1500000.0,2018-11-30T13:48:03.617000Z
1.1364400000000001,1.13648,2700000.0477,6000000.0,2018-11-30T13:48:04.149000Z
1.1364400000000001,1.13647,1200000.0477,5809999.9428,2018-11-30T13:48:05.797000Z
1.13643,1.13645,1950000.0477,3369999.8856,2018-11-30T13:48:05.851000Z
1.1364100000000001,1.1364400000000001,7199999.8093,1000000.0,2018-11-30T13:48:05.903000Z
1.1364100000000001,1.13643,3819999.9332,1000000.0,2018-11-30T13:48:06.413000Z
1.1364100000000001,1.13645,3450000.0477,11619999.8856,2018-11-30T13:48:09.601000Z
1.1364400000000001,1.13646,1200000.0477,2250000.0,2018-11-30T13:48:09.657000Z
1.1364400000000001,1.13648,1000000.0,8439999.5804,2018-11-30T13:48:09.865000Z
1.1364200000000002,1.13645,3450000.0477,3000000.0,2018-11-30T13:48:10.098000Z
1.1364100000000001,1.13645,1870000.0048,13159999.8474,2018-11-30T13:48:10.634000Z
1.1364200000000002,1.1364400000000001,1000000.0,1500000.0,2018-11-30T13:48:11.269000Z
1.1364100000000001,1.13645,1870000.0048,13539999.9619,2018-11-30T13:48:11.795000Z
1.1364100000000001,1.1364400000000001,2619999.8856,4309999.9428,2018-11-30T13:48:12.313000Z
1.1364,1.1364400000000001,3450000.0477,4690000.0572,2018-11-30T13:48:13.499000Z
1.1364,1.13643,4500000.0,1000000.0,2018-11-30T13:48:15.642000Z
1.13638,1.1364100000000001,1950000.0477,5809999.9428,2018-11-30T13:48:15.951000Z
1.13639,1.13643,1690000.0572,2440000.0572,2018-11-30T13:48:16.163000Z
1.13639,1.1364200000000002,6940000.0572,1000000.0,2018-11-30T13:48:17.104000Z
1.13639,1.13643,5510000.2289,3039999.9619,2018-11-30T13:48:17.615000Z
1.1364,1.1364400000000001,5550000.1907,6559999.9428,2018-11-30T13:48:17.825000Z
1.1364200000000002,1.1364400000000001,1000000.0,1309999.9428,2018-11-30T13:48:18.536000Z
1.1364100000000001,1.13645,1500000.0,9409999.8474,2018-11-30T13:48:19.053000Z
1.13638,1.13643,7570000.1717,2059999.9428,2018-11-30T13:48:19.426000Z
1.13639,1.1364100000000001,1100000.0238,1000000.0,2018-11-30T13:48:19.479000Z
1.13638,1.13643,7949999.8093,5659999.8474,2018-11-30T13:48:19.534000Z
1.13639,1.13643,5889999.8665,1690000.0572,2018-11-30T13:48:20.055000Z
1.13639,1.1364100000000001,1100000.0238,1690000.0572,2018-11-30T13:48:20.590000Z
1.13636,1.1364,8550000.1907,1000000.0,2018-11-30T13:48:20.697000Z
1.13637,1.1364100000000001,1309999.9428,5250000.0,2018-11-30T13:48:20.971000Z
1.1364100000000001,1.1364400000000001,1000000.0,5619999.8856,2018-11-30T13:48:21.024000Z
1.13639,1.13643,1500000.0,1000000.0,2018-11-30T13:48:21.076000Z
1.1364,1.13643,4119999.8856,3000000.0,2018-11-30T13:48:21.597000Z
1.1364,1.1364200000000002,4119999.8856,1000000.0,2018-11-30T13:48:22.137000Z
1.13638,1.13643,3450000.0477,14470000.267,2018-11-30T13:48:22.679000Z
1.13639,1.13643,1120000.0048,5809999.9428,2018-11-30T13:48:23.233000Z
1.13637,1.13639,3069999.9332,1250000.0,2018-11-30T13:48:23.697000Z
1.13635,1.13639,5139999.8665,3220000.0286,2018-11-30T13:48:23.910000Z
1.1363400000000001,1.13635,4570000.1717,1500000.0,2018-11-30T13:48:24.353000Z
1.1363,1.13633,8770000.4578,1000000.0,2018-11-30T13:48:24.458000Z
1.1363200000000002,1.13633,1000000.0,1000000.0,2018-11-30T13:48:24.510000Z
1.13633,1.13635,1500000.0,1120000.0048,2018-11-30T13:48:24.564000Z
1.1363400000000001,1.13636,1870000.0048,1500000.0,2018-11-30T13:48:25.070000Z
1.1363400000000001,1.13635,2700000.0477,1000000.0,2018-11-30T13:48:25.678000Z
1.1363400000000001,1.13637,2319999.9332,1690000.0572,2018-11-30T13:48:25.783000Z
1.1363400000000001,1.13636,2319999.9332,1000000.0,2018-11-30T13:48:26.379000Z
1.13633,1.1363400000000001,1200000.0477,1500000.0,2018-11-30T13:48:26.902000Z
1.1363100000000002,1.1363400000000001,1950000.0477,3369999.8856,2018-11-30T13:48:26.958000Z
1.1363100000000002,1.13633,2319999.9332,1250000.0,2018-11-30T13:48:28.119000Z
1.13633,1.13636,3750000.0,5440000.0572,2018-11-30T13:48:28.480000Z
1.13633,1.13636,6110000.1335,1000000.0,2018-11-30T13:48:28.986000Z
1.1363400000000001,1.13638,3259999.9905,1690000.0572,2018-11-30T13:48:29.090000Z
1.13635,1.13638,1009999.9905,3940000.0572,2018-11-30T13:48:30.042000Z
1.13636,1.13638,1500000.0,1500000.0,2018-11-30T13:48:31.807000Z
1.13635,1.13638,1000000.0,4119999.8856,2018-11-30T13:48:32.325000Z
1.13635,1.13638,1500000.0,1870000.0048,2018-11-30T13:48:33.016000Z
1.1363400000000001,1.13638,2250000.0,4539999.9619,2018-11-30T13:48:33.518000Z
1.1363400000000001,1.13638,2440000.0572,2660000.0858,2018-11-30T13:48:34.038000Z
1.13635,1.13638,1250000.0,6409999.8474,2018-11-30T13:48:34.765000Z
1.1363400000000001,1.13638,2440000.0572,4159999.8474,2018-11-30T13:48:34.817000Z
1.13635,1.13638,1250000.0,5659999.8474,2018-11-30T13:48:35.429000Z
1.1363400000000001,1.13638,2440000.0572,4349999.9046,2018-11-30T13:48:35.955000Z
1.1363400000000001,1.13638,2440000.0572,4159999.8474,2018-11-30T13:48:36.747000Z
1.13635,1.13638,1250000.0,4159999.8474,2018-11-30T13:48:39.529000Z
1.1363400000000001,1.13638,1870000.0048,1049999.9523,2018-11-30T13:48:41.045000Z
1.1363400000000001,1.13638,2809999.9428,1539999.9619,2018-11-30T13:48:41.575000Z
1.1363400000000001,1.13638,1870000.0048,1909999.9666,2018-11-30T13:48:42.329000Z
1.1363400000000001,1.13637,1870000.0048,1250000.0,2018-11-30T13:48:42.843000Z
1.13633,1.1363400000000001,1500000.0,1000000.0,2018-11-30T13:48:43.322000Z
1.1363,1.1363200000000002,2619999.8856,1500000.0,2018-11-30T13:48:43.509000Z
1.1363,1.13633,1120000.0048,3970000.0286,2018-11-30T13:48:44.261000Z
1.1363100000000002,1.1363400000000001,1500000.0,2440000.0572,2018-11-30T13:48:44.313000Z
1.1363100000000002,1.13633,1500000.0,1309999.9428,2018-11-30T13:48:44.831000Z
1.1363100000000002,1.13633,2250000.0,1190000.0572,2018-11-30T13:48:45.754000Z
1.1363100000000002,1.13633,1000000.0,1309999.9428,2018-11-30T13:48:48.600000Z
1.1363100000000002,1.1363400000000001,2250000.0,4309999.9428,2018-11-30T13:48:49.146000Z
1.1363100000000002,1.1363400000000001,2250000.0,1690000.0572,2018-11-30T13:48:49.199000Z
1.13633,1.13636,1500000.0,1120000.0048,2018-11-30T13:48:49.376000Z
1.13635,1.13636,1000000.0,1000000.0,2018-11-30T13:48:49.687000Z
1.1363400000000001,1.13638,6300000.1907,1909999.9666,2018-11-30T13:48:50.796000Z
1.13633,1.13637,3069999.9332,2619999.8856,2018-11-30T13:48:51.348000Z
1.13635,1.13637,1000000.0,1120000.0048,2018-11-30T13:48:51.678000Z
1.1363400000000001,1.13638,1000000.0,4119999.8856,2018-11-30T13:48:52.195000Z
1.13635,1.13637,3750000.0,1250000.0,2018-11-30T13:48:53.018000Z
1.1363400000000001,1.13636,5440000.0572,1000000.0,2018-11-30T13:48:53.522000Z
1.13633,1.13636,6599999.9046,1870000.0048,2018-11-30T13:48:54.258000Z
1.1363400000000001,1.13637,5250000.0,1000000.0,2018-11-30T13:48:54.808000Z
1.13635,1.13638,3750000.0,5809999.9428,2018-11-30T13:48:55.399000Z
1.1363200000000002,1.13635,5889999.8665,8250000.0,2018-11-30T13:48:57.423000Z
1.1363200000000002,1.13633,4500000.0,1000000.0,2018-11-30T13:48:58.147000Z
1.1363200000000002,1.13635,4500000.0,1000000.0,2018-11-30T13:48:58.510000Z
1.13633,1.13637,2059999.9428,6750000.0,2018-11-30T13:48:59.032000Z
1.13636,1.13637,1000000.0,1500000.0,2018-11-30T13:48:59.344000Z
1.13635,1.13637,1690000.0572,1250000.0,2018-11-30T13:48:59.886000Z
1.1363200000000002,1.13636,5139999.8665,1500000.0,2018-11-30T13:49:00.312000Z
1.1363200000000002,1.13636,5139999.8665,1500000.0,2018-11-30T13:49:00.986000Z
1.13633,1.13635,1870000.0048,1000000.0,2018-11-30T13:49:01.497000Z
1.1363100000000002,1.1363400000000001,1570000.0525,1000000.0,2018-11-30T13:49:01.757000Z
1.1363,1.1363200000000002,1690000.0572,1000000.0,2018-11-30T13:49:02.492000Z
1.13629,1.1363200000000002,1950000.0477,1000000.0,2018-11-30T13:49:03.036000Z
1.1363,1.13633,1000000.0,5619999.8856,2018-11-30T13:49:03.608000Z
1.1363,1.1363200000000002,1000000.0,1000000.0,2018-11-30T13:49:04.201000Z
1.13629,1.13633,1950000.0477,4869999.8856,2018-11-30T13:49:04.708000Z
1.13629,1.1363200000000002,4389999.8665,1000000.0,2018-11-30T13:49:05.228000Z
1.13629,1.13633,2140000.1049,5059999.9428,2018-11-30T13:49:05.763000Z
1.13629,1.1363200000000002,4389999.8665,1000000.0,2018-11-30T13:49:06.290000Z
1.13626,1.13628,1000000.0,3220000.0286,2018-11-30T13:49:06.604000Z
1.1362,1.1362200000000002,1690000.0572,1500000.0,2018-11-30T13:49:06.785000Z
1.1362100000000002,1.13624,3190000.0572,1000000.0,2018-11-30T13:49:06.839000Z
1.1362,1.13623,2250000.0,2250000.0,2018-11-30T13:49:07.051000Z
1.1362,1.13623,1120000.0048,2250000.0,2018-11-30T13:49:07.601000Z
1.1362,1.13623,1250000.0,2250000.0,2018-11-30T13:49:08.430000Z
1.13619,1.1362,2250000.0,1000000.0,2018-11-30T13:49:08.862000Z
1.13618,1.1362,1000000.0,1690000.0572,2018-11-30T13:49:08.916000Z
1.13615,1.1361700000000001,11140000.3433,1500000.0,2018-11-30T13:49:08.970000Z
1.13614,1.13618,7309999.9428,5289999.9619,2018-11-30T13:49:09.205000Z
1.13615,1.1361700000000001,1000000.0,1000000.0,2018-11-30T13:49:09.723000Z
1.13614,1.13618,2440000.0572,5809999.9428,2018-11-30T13:49:10.259000Z
1.13615,1.13618,1000000.0,14060000.4196,2018-11-30T13:49:10.800000Z
1.13614,1.13618,1500000.0,11100000.3815,2018-11-30T13:49:11.322000Z
1.13612,1.13615,1389999.9857,1000000.0,2018-11-30T13:49:12.091000Z
1.1361100000000002,1.13613,1500000.0,2440000.0572,2018-11-30T13:49:12.408000Z
1.1361100000000002,1.13614,5809999.9428,1000000.0,2018-11-30T13:49:12.927000Z
1.1361100000000002,1.13613,1000000.0,3559999.9428,2018-11-30T13:49:13.443000Z
1.1361,1.13613,1000000.0,3190000.0572,2018-11-30T13:49:14.103000Z
1.13609,1.13612,1690000.0572,1000000.0,2018-11-30T13:49:14.619000Z
1.13609,1.13613,1120000.0048,1120000.0048,2018-11-30T13:49:15.142000Z
1.1361,1.13613,3000000.0,2250000.0,2018-11-30T13:49:15.687000Z
1.1361100000000002,1.13612,1000000.0,1000000.0,2018-11-30T13:49:16.707000Z
1.1361,1.13613,3000000.0,1120000.0048,2018-11-30T13:49:17.224000Z
1.1361100000000002,1.13613,1000000.0,2619999.8856,2018-11-30T13:49:18.425000Z
1.13613,1.13616,4119999.8856,1250000.0,2018-11-30T13:49:18.584000Z
1.1361100000000002,1.13614,1450000.0477,1250000.0,2018-11-30T13:49:18.691000Z
1.1361,1.13614,1100000.0238,3559999.9428,2018-11-30T13:49:18.745000Z
1.1361,1.13614,2440000.0572,6369999.8856,2018-11-30T13:49:19.197000Z
1.13608,1.1361100000000002,1200000.0477,4869999.8856,2018-11-30T13:49:19.457000Z
1.1360700000000001,1.13609,2250000.0,1000000.0,2018-11-30T13:49:19.511000Z
1.13609,1.1361100000000002,1000000.0,1000000.0,2018-11-30T13:49:19.824000Z
1.13608,1.13612,3559999.9428,1309999.9428,2018-11-30T13:49:19.877000Z
1.13609,1.13612,1000000.0,1120000.0048,2018-11-30T13:49:20.831000Z
1.13608,1.13612,3369999.8856,1000000.0,2018-11-30T13:49:21.430000Z
1.13609,1.13612,1000000.0,1500000.0,2018-11-30T13:49:21.976000Z
1.1360700000000001,1.1361100000000002,2509999.9905,2440000.0572,2018-11-30T13:49:22.981000Z
1.1360700000000001,1.1361,2700000.0477,1000000.0,2018-11-30T13:49:25.050000Z
1.13609,1.13613,1000000.0,4690000.0572,2018-11-30T13:49:25.365000Z
1.13609,1.13613,3000000.0,2809999.9428,2018-11-30T13:49:26.160000Z
1.13609,1.13613,3000000.0,1690000.0572,2018-11-30T13:49:26.677000Z
1.1361,1.13612,1000000.0,1000000.0,2018-11-30T13:49:27.215000Z
1.1361,1.13613,1000000.0,1309999.9428,2018-11-30T13:49:28.866000Z
1.1361,1.13613,1000000.0,2619999.8856,2018-11-30T13:49:29.378000Z
1.1361,1.13613,1500000.0,1870000.0048,2018-11-30T13:49:29.899000Z
1.1361,1.13612,1000000.0,1000000.0,2018-11-30T13:49:33.017000Z
1.1361,1.13613,1000000.0,1299999.9523,2018-11-30T13:49:33.654000Z
1.1361100000000002,1.13613,1000000.0,3750000.0,2018-11-30T13:49:34.202000Z
1.13613,1.13615,1000000.0,3000000.0,2018-11-30T13:49:34.803000Z
1.13614,1.13616,1500000.0,1500000.0,2018-11-30T13:49:34.856000Z
1.13616,1.1361700000000001,1000000.0,1000000.0,2018-11-30T13:49:34.909000Z
1.13615,1.13618,1870000.0048,1000000.0,2018-11-30T13:49:35.134000Z
1.13618,1.13619,1500000.0,1870000.0048,2018-11-30T13:49:35.869000Z
1.13619,1.1362,1000000.0,1000000.0,2018-11-30T13:49:36.018000Z
1.1362100000000002,1.13623,1000000.0,1120000.0048,2018-11-30T13:49:36.071000Z
1.1362200000000002,1.13625,2619999.8856,5440000.0572,2018-11-30T13:49:36.123000Z
1.1362100000000002,1.13623,1500000.0,1000000.0,2018-11-30T13:49:36.279000Z
1.1362100000000002,1.13624,1500000.0,2059999.9428,2018-11-30T13:49:36.788000Z
1.1362100000000002,1.13624,1500000.0,2059999.9428,2018-11-30T13:49:37.400000Z
1.13619,1.1362200000000002,1870000.0048,2440000.0572,2018-11-30T13:49:37.634000Z
1.13619,1.1362200000000002,1870000.0048,1120000.0048,2018-11-30T13:49:38.200000Z
1.1362100000000002,1.13624,1500000.0,4500000.0,2018-11-30T13:49:38.306000Z
1.1362200000000002,1.13625,3220000.0286,3750000.0,2018-11-30T13:49:38.359000Z
1.13623,1.13626,1000000.0,2250000.0,2018-11-30T13:49:38.479000Z
1.1362200000000002,1.13625,1120000.0048,3559999.9428,2018-11-30T13:49:38.843000Z
1.1362,1.13623,1000000.0,1000000.0,2018-11-30T13:49:39.222000Z
1.1362100000000002,1.13625,3559999.9428,8699999.8093,2018-11-30T13:49:40.630000Z
1.13624,1.1362700000000001,1370000.0048,5250000.0,2018-11-30T13:49:40.734000Z
1.13625,1.1362700000000001,1120000.0048,1500000.0,2018-11-30T13:49:43.404000Z
1.13623,1.13625,1690000.0572,1250000.0,2018-11-30T13:49:43.458000Z
1.13624,1.13626,1370000.0048,4500000.0,2018-11-30T13:49:43.616000Z
1.13624,1.1362700000000001,1370000.0048,1690000.0572,2018-11-30T13:49:44.136000Z
1.13623,1.13626,5699999.8093,1000000.0,2018-11-30T13:49:44.650000Z
1.13624,1.1362700000000001,1570000.0525,1000000.0,2018-11-30T13:49:45.176000Z
1.13624,1.13626,1250000.0,1250000.0,2018-11-30T13:49:45.972000Z
1.1362100000000002,1.1362200000000002,1250000.0,1000000.0,2018-11-30T13:49:46.302000Z
1.1362,1.13623,3190000.0572,1870000.0048,2018-11-30T13:49:47.031000Z
1.1362,1.1362200000000002,1690000.0572,2809999.9428,2018-11-30T13:49:47.588000Z
1.13616,1.1362,1950000.0477,5099999.9046,2018-11-30T13:49:47.695000Z
1.13615,1.13618,1309999.9428,2059999.9428,2018-11-30T13:49:47.802000Z
1.13613,1.13616,1200000.0477,1309999.9428,2018-11-30T13:49:48.229000Z
1.1361100000000002,1.13615,2619999.8856,8289999.9619,2018-11-30T13:49:48.335000Z
1.13613,1.13615,3000000.0,1500000.0,2018-11-30T13:49:48.388000Z
1.13614,1.1361700000000001,1000000.0,2920000.0763,2018-11-30T13:49:48.495000Z
1.1361100000000002,1.13615,4760000.2289,6559999.9428,2018-11-30T13:49:48.777000Z
1.13613,1.1361700000000001,3559999.9428,3369999.8856,2018-11-30T13:49:48.933000Z
1.13613,1.13616,3559999.9428,1000000.0,2018-11-30T13:49:49.578000Z
1.1362200000000002,1.13624,1370000.0048,2619999.8856,2018-11-30T13:49:49.787000Z
1.13624,1.13625,1000000.0,6000000.0,2018-11-30T13:49:49.945000Z
1.1362100000000002,1.13623,4570000.1717,1000000.0,2018-11-30T13:49:50.049000Z
1.1362100000000002,1.13625,3000000.0,3190000.0572,2018-11-30T13:49:50.226000Z
1.1362100000000002,1.13624,5059999.9428,1000000.0,2018-11-30T13:49:50.933000Z
1.1362100000000002,1.13625,1690000.0572,2809999.9428,2018-11-30T13:49:51.435000Z
1.1362100000000002,1.13624,2440000.0572,1000000.0,2018-11-30T13:49:53.137000Z
1.1362100000000002,1.13623,1120000.0048,1000000.0,2018-11-30T13:49:53.729000Z
1.1362100000000002,1.13624,1000000.0,1309999.9428,2018-11-30T13:49:57.036000Z
1.1362200000000002,1.13625,1690000.0572,2619999.8856,2018-11-30T13:50:00.139000Z
1.13623,1.13626,3450000.0477,1690000.0572,2018-11-30T13:50:00.658000Z
1.13625,1.1362700000000001,1000000.0,2440000.0572,2018-11-30T13:50:01.051000Z
1.13624,1.13628,1500000.0,6190000.0572,2018-11-30T13:50:01.156000Z
1.13624,1.1362700000000001,3000000.0,1000000.0,2018-11-30T13:50:01.845000Z
1.1362700000000001,1.13629,1000000.0,4119999.8856,2018-11-30T13:50:01.898000Z
1.13625,1.13629,1000000.0,7309999.9428,2018-11-30T13:50:01.951000Z
1.13624,1.13628,3190000.0572,1309999.9428,2018-11-30T13:50:02.771000Z
1.13624,1.1362700000000001,5440000.0572,1000000.0,2018-11-30T13:50:03.293000Z
1.13624,1.1362700000000001,5250000.0,1120000.0048,2018-11-30T13:50:04.367000Z
1.13625,1.13628,2250000.0,2099999.9046,2018-11-30T13:50:04.978000Z
1.13626,1.13629,1000000.0,11289999.9619,2018-11-30T13:50:05.544000Z
1.13625,1.13628,2250000.0,3000000.0,2018-11-30T13:50:06.069000Z
1.13625,1.13628,4869999.8856,1500000.0,2018-11-30T13:50:07.983000Z
1.13625,1.13628,2440000.0572,5440000.0572,2018-11-30T13:50:08.500000Z
1.13626,1.13629,1370000.0048,14250000.0,2018-11-30T13:50:08.921000Z
1.13626,1.13628,1000000.0,3750000.0,2018-11-30T13:50:08.974000Z
1.13625,1.13628,1690000.0572,2440000.0572,2018-11-30T13:50:09.547000Z
1.13625,1.1362700000000001,1690000.0572,1000000.0,2018-11-30T13:50:10.142000Z
1.13624,1.13628,4690000.0572,1690000.0572,2018-11-30T13:50:10.665000Z
1.13626,1.13628,1000000.0,1000000.0,2018-11-30T13:50:11.096000Z
1.1363,1.1363200000000002,1120000.0048,1120000.0048,2018-11-30T13:50:11.413000Z
1.13629,1.1363,1250000.0,2809999.9428,2018-11-30T13:50:11.946000Z
1.1362700000000001,1.1363,1000000.0,5170000.0763,2018-11-30T13:50:12.261000Z
1.1362700000000001,1.13628,1500000.0,1000000.0,2018-11-30T13:50:12.314000Z
1.13628,1.1363100000000002,2440000.0572,1870000.0048,2018-11-30T13:50:12.484000Z
1.13629,1.1363200000000002,1500000.0,1250000.0,2018-11-30T13:50:13.009000Z
1.13628,1.1363,3369999.8856,2250000.0,2018-11-30T13:50:13.838000Z
1.13629,1.1363100000000002,1370000.0048,2250000.0,2018-11-30T13:50:14.149000Z
1.13629,1.13633,1370000.0048,5619999.8856,2018-11-30T13:50:14.201000Z
1.1363100000000002,1.1363400000000001,1000000.0,3750000.0,2018-11-30T13:50:14.898000Z
1.1363100000000002,1.13633,1000000.0,2250000.0,2018-11-30T13:50:15.055000Z
1.13629,1.1363200000000002,6000000.0,1000000.0,2018-11-30T13:50:15.303000Z
1.1363,1.1363200000000002,1000000.0,1000000.0,2018-11-30T13:50:16.099000Z
1.13629,1.13633,4690000.0572,2619999.8856,2018-11-30T13:50:16.722000Z
1.1363100000000002,1.1363400000000001,1370000.0048,5250000.0,2018-11-30T13:50:17.084000Z
1.1363400000000001,1.13636,33110000.6104,1000000.0,2018-11-30T13:50:17.425000Z
1.13636,1.13639,1000000.0,10500000.0,2018-11-30T13:50:17.529000Z
1.13636,1.13638,1000000.0,1690000.0572,2018-11-30T13:50:18.144000Z
1.13636,1.13637,1000000.0,1000000.0,2018-11-30T13:50:18.883000Z
1.13636,1.13638,1000000.0,1309999.9428,2018-11-30T13:50:19.386000Z
1.13636,1.13638,1000000.0,2059999.9428,2018-11-30T13:50:20.562000Z
1.13636,1.13638,1000000.0,3369999.8856,2018-11-30T13:50:22.020000Z
1.13636,1.13637,1000000.0,1000000.0,2018-11-30T13:50:22.542000Z
1.13636,1.13638,1000000.0,2440000.0572,2018-11-30T13:50:23.069000Z
1.13636,1.13638,1000000.0,6940000.0572,2018-11-30T13:50:23.611000Z
1.13636,1.13638,1000000.0,4690000.0572,2018-11-30T13:50:24.199000Z
1.13636,1.13638,1000000.0,5440000.0572,2018-11-30T13:50:24.734000Z
1.13636,1.13638,1000000.0,5059999.9428,2018-11-30T13:50:25.266000Z
1.1363400000000001,1.13638,3369999.8856,5809999.9428,2018-11-30T13:50:25.421000Z
1.1363400000000001,1.13638,3559999.9428,4690000.0572,2018-11-30T13:50:27.137000Z
1.1363400000000001,1.13638,2619999.8856,4690000.0572,2018-11-30T13:50:28.595000Z
1.1363400000000001,1.13637,3000000.0,1000000.0,2018-11-30T13:50:29.144000Z
1.1363400000000001,1.13638,2440000.0572,5440000.0572,2018-11-30T13:50:30.115000Z
1.1363400000000001,1.13637,3369999.8856,1000000.0,2018-11-30T13:50:30.665000Z
1.1363400000000001,1.13636,1870000.0048,1000000.0,2018-11-30T13:50:31.217000Z
1.1363400000000001,1.13638,1870000.0048,11170000.0763,2018-11-30T13:50:31.270000Z
1.1363400000000001,1.13636,1870000.0048,3000000.0,2018-11-30T13:50:31.323000Z
1.13636,1.13638,1000000.0,5250000.0,2018-11-30T13:50:31.522000Z
1.13635,1.13637,1370000.0048,1000000.0,2018-11-30T13:50:32.040000Z
1.13637,1.13638,1500000.0,1000000.0,2018-11-30T13:50:32.432000Z
1.13636,1.13639,1000000.0,4349999.9046,2018-11-30T13:50:32.484000Z
1.13635,1.13637,2250000.0,1000000.0,2018-11-30T13:50:32.640000Z
1.13635,1.13638,1000000.0,5849999.9046,2018-11-30T13:50:33.624000Z
1.13635,1.13637,2440000.0572,1250000.0,2018-11-30T13:50:34.576000Z
1.13635,1.13638,1000000.0,3039999.9619,2018-11-30T13:50:35.082000Z
1.13635,1.13637,1500000.0,1000000.0,2018-11-30T13:50:36.002000Z
1.1363400000000001,1.13637,1500000.0,1870000.0048,2018-11-30T13:50:36.416000Z
1.13633,1.13637,1500000.0,3940000.0572,2018-11-30T13:50:36.507000Z
1.13633,1.13636,1870000.0048,3750000.0,2018-11-30T13:50:38.068000Z
1.13633,1.13637,1500000.0,3190000.0572,2018-11-30T13:50:39.326000Z
1.13635,1.13637,1370000.0048,2619999.8856,2018-11-30T13:50:39.380000Z
1.13635,1.13638,1370000.0048,3369999.8856,2018-11-30T13:50:39.894000Z
1.13635,1.13637,1370000.0048,1870000.0048,2018-11-30T13:50:40.412000Z
1.13635,1.13636,1120000.0048,1120000.0048,2018-11-30T13:50:40.932000Z
1.13635,1.13638,1370000.0048,8659999.8474,2018-11-30T13:50:41.990000Z
1.13635,1.13638,1370000.0048,3000000.0,2018-11-30T13:50:42.515000Z
1.13635,1.13637,1370000.0048,1500000.0,2018-11-30T13:50:45.764000Z
1.13635,1.13638,1370000.0048,9000000.0,2018-11-30T13:50:46.297000Z
1.13635,1.13637,1870000.0048,2250000.0,2018-11-30T13:50:46.870000Z
1.13635,1.13638,1370000.0048,2619999.8856,2018-11-30T13:50:47.446000Z
1.13635,1.13637,1370000.0048,1000000.0,2018-11-30T13:50:47.971000Z
1.13635,1.13638,1370000.0048,3369999.8856,2018-11-30T13:50:48.586000Z
1.13635,1.13637,1870000.0048,1000000.0,2018-11-30T13:50:49.112000Z
1.13635,1.13638,1370000.0048,5619999.8856,2018-11-30T13:50:49.619000Z
1.1363400000000001,1.13638,1870000.0048,6750000.0,2018-11-30T13:50:50.864000Z
1.1363400000000001,1.13637,1500000.0,3190000.0572,2018-11-30T13:50:51.405000Z
1.13633,1.13636,1500000.0,1190000.0572,2018-11-30T13:50:51.824000Z
1.1363100000000002,1.1363400000000001,3000000.0,4500000.0,2018-11-30T13:50:52.038000Z
1.13629,1.1363100000000002,14060000.4196,1370000.0048,2018-11-30T13:50:52.196000Z
1.1363,1.1363200000000002,1000000.0,1870000.0048,2018-11-30T13:50:52.715000Z
1.1363,1.1363200000000002,1000000.0,1000000.0,2018-11-30T13:50:53.779000Z
1.1363,1.13633,1000000.0,6219999.7902,2018-11-30T13:50:54.303000Z
1.1363,1.1363100000000002,1000000.0,1000000.0,2018-11-30T13:50:54.982000Z
1.13629,1.1363100000000002,2250000.0,1000000.0,2018-11-30T13:51:00.092000Z
1.1362700000000001,1.1363,1000000.0,4500000.0,2018-11-30T13:51:01.157000Z
1.13626,1.13629,2250000.0,1500000.0,2018-11-30T13:51:01.698000Z
1.13625,1.13629,3369999.8856,4349999.9046,2018-11-30T13:51:03.168000Z
1.13624,1.13628,1950000.0477,2250000.0,2018-11-30T13:51:03.684000Z
1.13625,1.1362700000000001,1000000.0,3369999.8856,2018-11-30T13:51:06.221000Z
1.13624,1.1362700000000001,1000000.0,2809999.9428,2018-11-30T13:51:06.737000Z
1.13623,1.13624,1000000.0,1500000.0,2018-11-30T13:51:06.790000Z
1.13623,1.13625,2250000.0,2250000.0,2018-11-30T13:51:06.897000Z
1.1362100000000002,1.13624,1500000.0,1870000.0048,2018-11-30T13:51:07.056000Z
1.1362200000000002,1.13624,1000000.0,4500000.0,2018-11-30T13:51:07.589000Z
1.1362100000000002,1.13624,3559999.9428,2250000.0,2018-11-30T13:51:08.140000Z
1.1362200000000002,1.13624,1000000.0,4500000.0,2018-11-30T13:51:09.101000Z
1.13623,1.13626,6409999.8474,1000000.0,2018-11-30T13:51:09.516000Z
1.13625,1.13626,1000000.0,6000000.0,2018-11-30T13:51:09.683000Z
1.13624,1.13626,2250000.0,1500000.0,2018-11-30T13:51:10.200000Z
1.13623,1.13626,3559999.9428,1000000.0,2018-11-30T13:51:11.338000Z
1.1362100000000002,1.13625,2440000.0572,2059999.9428,2018-11-30T13:51:11.859000Z
1.13624,1.1362700000000001,1870000.0048,5170000.0763,2018-11-30T13:51:11.964000Z
1.1362100000000002,1.13626,5619999.8856,11439999.5804,2018-11-30T13:51:12.070000Z
1.13624,1.13625,2250000.0,1000000.0,2018-11-30T13:51:12.122000Z
1.13623,1.13626,6559999.9428,4119999.8856,2018-11-30T13:51:12.667000Z
1.13624,1.13625,1500000.0,1500000.0,2018-11-30T13:51:13.181000Z
1.13623,1.13626,4389999.8665,1000000.0,2018-11-30T13:51:13.786000Z
1.13624,1.13626,1000000.0,1000000.0,2018-11-30T13:51:14.637000Z
1.13623,1.13626,6639999.8665,1000000.0,2018-11-30T13:51:15.422000Z
1.13624,1.1362700000000001,1000000.0,4719999.7902,2018-11-30T13:51:15.996000Z
1.13625,1.1362700000000001,1000000.0,3369999.8856,2018-11-30T13:51:16.834000Z
1.13624,1.1362700000000001,3559999.9428,1370000.0048,2018-11-30T13:51:17.439000Z
1.13625,1.1362700000000001,2250000.0,1370000.0048,2018-11-30T13:51:17.990000Z
1.13626,1.13629,1000000.0,4500000.0,2018-11-30T13:51:18.042000Z
1.13629,1.1363,1000000.0,4500000.0,2018-11-30T13:51:18.095000Z
1.1362700000000001,1.13629,3940000.0572,5250000.0,2018-11-30T13:51:18.147000Z
1.13625,1.13628,1000000.0,1000000.0,2018-11-30T13:51:18.338000Z
1.13624,1.1362700000000001,3750000.0,1720000.0286,2018-11-30T13:51:18.856000Z
1.13623,1.1362700000000001,6190000.0572,1720000.0286,2018-11-30T13:51:19.961000Z
1.13624,1.1362700000000001,1000000.0,1720000.0286,2018-11-30T13:51:20.992000Z
1.1362100000000002,1.13625,8140000.3433,4119999.8856,2018-11-30T13:51:21.496000Z
1.13624,1.13626,1000000.0,1000000.0,2018-11-30T13:51:21.808000Z
1.13625,1.1362700000000001,1000000.0,2059999.9428,2018-11-30T13:51:22.328000Z
1.13624,1.1362700000000001,3750000.0,1870000.0048,2018-11-30T13:51:23.085000Z
1.13625,1.1362700000000001,1000000.0,1870000.0048,2018-11-30T13:51:23.920000Z
1.13624,1.1362700000000001,6449999.8093,1500000.0,2018-11-30T13:51:24.456000Z
1.13624,1.1362700000000001,5699999.8093,1500000.0,2018-11-30T13:51:27.013000Z
1.13624,1.1362700000000001,6449999.8093,2099999.9046,2018-11-30T13:51:28.534000Z
1.13624,1.13626,1250000.0,2059999.9428,2018-11-30T13:51:29.357000Z
1.1362100000000002,1.13624,5889999.8665,3369999.8856,2018-11-30T13:51:29.409000Z
1.1362200000000002,1.13624,1000000.0,3599999.9046,2018-11-30T13:51:30.115000Z
1.1362100000000002,1.13624,1500000.0,3750000.0,2018-11-30T13:51:30.771000Z
1.1362200000000002,1.13623,1000000.0,1120000.0048,2018-11-30T13:51:31.277000Z
1.1362100000000002,1.13624,1500000.0,6000000.0,2018-11-30T13:51:31.840000Z
1.1362100000000002,1.13624,1500000.0,3000000.0,2018-11-30T13:51:32.385000Z
1.13623,1.13625,1000000.0,6369999.8856,2018-11-30T13:51:33.053000Z
1.13624,1.1362700000000001,1000000.0,2250000.0,2018-11-30T13:51:33.188000Z
1.13626,1.13628,1000000.0,1000000.0,2018-11-30T13:51:33.557000Z
1.13624,1.13628,9560000.4196,3559999.9428,2018-11-30T13:51:33.714000Z
1.13626,1.13628,2440000.0572,1120000.0048,2018-11-30T13:51:33.884000Z
1.13625,1.13628,7239999.7711,1500000.0,2018-11-30T13:51:34.040000Z
1.13625,1.1362700000000001,4500000.0,1500000.0,2018-11-30T13:51:34.716000Z
1.13624,1.1362700000000001,5440000.0572,1000000.0,2018-11-30T13:51:35.386000Z
1.13624,1.1362700000000001,6190000.0572,1370000.0048,2018-11-30T13:51:36.895000Z
1.13625,1.13628,2059999.9428,2440000.0572,2018-11-30T13:51:37.205000Z
1.13625,1.13629,1309999.9428,3369999.8856,2018-11-30T13:51:37.723000Z
1.13626,1.13628,1250000.0,1000000.0,2018-11-30T13:51:38.672000Z
1.13629,1.1363200000000002,1500000.0,1870000.0048,2018-11-30T13:51:39.005000Z
1.1363,1.1363200000000002,1000000.0,1870000.0048,2018-11-30T13:51:39.538000Z
1.13628,1.1363,1500000.0,2250000.0,2018-11-30T13:51:43.572000Z
1.1362700000000001,1.1363100000000002,2250000.0,8810000.4196,2018-11-30T13:51:43.677000Z
1.13629,1.1363200000000002,1500000.0,5849999.9046,2018-11-30T13:51:43.915000Z
1.13629,1.1363200000000002,2250000.0,1000000.0,2018-11-30T13:51:44.437000Z
1.1363,1.1363200000000002,1000000.0,1500000.0,2018-11-30T13:51:45.340000Z
1.13629,1.1363200000000002,2250000.0,1000000.0,2018-11-30T13:51:46.336000Z
1.1363,1.1363200000000002,1000000.0,1000000.0,2018-11-30T13:51:46.853000Z
1.1363,1.13633,1000000.0,4719999.7902,2018-11-30T13:51:47.401000Z
1.13629,1.13633,2250000.0,7050000.1907,2018-11-30T13:51:47.944000Z
1.13629,1.1363200000000002,3000000.0,1000000.0,2018-11-30T13:51:48.900000Z
1.1363,1.1363200000000002,1000000.0,1000000.0,2018-11-30T13:51:49.442000Z
1.13629,1.13633,1500000.0,3970000.0286,2018-11-30T13:51:49.974000Z
1.13629,1.1363200000000002,2250000.0,1000000.0,2018-11-30T13:51:50.836000Z
1.1363,1.13633,1000000.0,4719999.7902,2018-11-30T13:51:51.407000Z
1.13629,1.1363200000000002,3000000.0,1000000.0,2018-11-30T13:51:52.067000Z
1.1363,1.13633,1000000.0,3970000.0286,2018-11-30T13:51:52.597000Z
1.13628,1.1363,1500000.0,2289999.9619,2018-11-30T13:51:53.139000Z
1.13626,1.13629,1000000.0,1500000.0,2018-11-30T13:51:53.262000Z
1.1362700000000001,1.1363,1000000.0,1000000.0,2018-11-30T13:51:53.913000Z
1.13626,1.13628,1000000.0,1000000.0,2018-11-30T13:51:54.586000Z
1.13626,1.1363,4869999.8856,2619999.8856,2018-11-30T13:51:55.107000Z
1.13628,1.1363100000000002,1000000.0,4869999.8856,2018-11-30T13:51:55.582000Z
1.13625,1.13628,12970000.267,1000000.0,2018-11-30T13:51:55.897000Z
1.13626,1.13629,1500000.0,2619999.8856,2018-11-30T13:51:57.990000Z
1.1362700000000001,1.13629,1000000.0,4869999.8856,2018-11-30T13:51:58.508000Z
1.13626,1.1363100000000002,7389999.8665,9819999.6948,2018-11-30T13:51:58.830000Z
1.13626,1.13628,1950000.0477,1500000.0,2018-11-30T13:51:58.883000Z
1.13624,1.1362700000000001,2250000.0,1500000.0,2018-11-30T13:51:58.937000Z
1.13624,1.13626,2250000.0,2619999.8856,2018-11-30T13:51:59.439000Z
1.13624,1.13628,1500000.0,8850000.3815,2018-11-30T13:51:59.712000Z
1.13624,1.13626,3000000.0,1000000.0,2018-11-30T13:52:00.257000Z
1.13624,1.1362700000000001,1500000.0,1000000.0,2018-11-30T13:52:00.808000Z
1.13625,1.1362700000000001,1000000.0,3000000.0,2018-11-30T13:52:01.324000Z
1.13624,1.1362700000000001,1870000.0048,1500000.0,2018-11-30T13:52:01.870000Z
1.13624,1.1362700000000001,1870000.0048,1870000.0048,2018-11-30T13:52:02.400000Z
1.13624,1.1362700000000001,2250000.0,1000000.0,2018-11-30T13:52:03.605000Z
1.13625,1.1362700000000001,1000000.0,1870000.0048,2018-11-30T13:52:04.495000Z
1.13624,1.1362700000000001,1500000.0,1500000.0,2018-11-30T13:52:05.036000Z
1.13625,1.1362700000000001,1000000.0,3750000.0,2018-11-30T13:52:05.545000Z
1.13624,1.1362700000000001,1500000.0,2250000.0,2018-11-30T13:52:06.077000Z
1.13624,1.13626,1000000.0,1000000.0,2018-11-30T13:52:06.987000Z
1.13624,1.1362700000000001,1000000.0,2250000.0,2018-11-30T13:52:07.528000Z
1.13623,1.13626,2509999.9905,1500000.0,2018-11-30T13:52:08.060000Z
1.13623,1.13625,4010000.2289,1000000.0,2018-11-30T13:52:09.263000Z
1.13623,1.13626,1759999.9905,1500000.0,2018-11-30T13:52:09.827000Z
1.13625,1.13628,1690000.0572,2250000.0,2018-11-30T13:52:10.169000Z
1.13624,1.1362700000000001,2700000.0477,1690000.0572,2018-11-30T13:52:10.720000Z
1.13624,1.13629,9189999.5804,7119999.8856,2018-11-30T13:52:11.195000Z
1.13624,1.1362700000000001,8890000.3433,1000000.0,2018-11-30T13:52:11.460000Z
1.13624,1.1362700000000001,4690000.0572,1000000.0,2018-11-30T13:52:12.175000Z
1.13625,1.1362700000000001,1000000.0,1500000.0,2018-11-30T13:52:12.710000Z
1.13625,1.13628,1000000.0,6750000.0,2018-11-30T13:52:13.260000Z
1.13626,1.13629,1000000.0,4500000.0,2018-11-30T13:52:13.781000Z
1.13628,1.1363,1000000.0,7500000.0,2018-11-30T13:52:14.210000Z
1.1363,1.13633,5320000.1717,1309999.9428,2018-11-30T13:52:14.430000Z
1.1363,1.13633,8289999.9619,1000000.0,2018-11-30T13:52:15.017000Z
1.1363400000000001,1.13636,1500000.0,3750000.0,2018-11-30T13:52:15.394000Z
1.13635,1.13637,1500000.0,1870000.0048,2018-11-30T13:52:15.936000Z
1.1363400000000001,1.13638,5170000.0763,4869999.8856,2018-11-30T13:52:16.318000Z
1.13635,1.13637,3000000.0,1000000.0,2018-11-30T13:52:16.969000Z
1.13635,1.13638,1950000.0477,2619999.8856,2018-11-30T13:52:17.556000Z
1.13637,1.13638,3369999.8856,1500000.0,2018-11-30T13:52:19.493000Z
1.13638,1.1364100000000001,8470000.267,3369999.8856,2018-11-30T13:52:19.652000Z
1.13639,1.1364200000000002,3450000.0477,1000000.0,2018-11-30T13:52:19.759000Z
1.13637,1.1364100000000001,7309999.9428,1870000.0048,2018-11-30T13:52:19.916000Z
1.13639,1.13643,1950000.0477,5619999.8856,2018-11-30T13:52:20.171000Z
1.13639,1.1364400000000001,7789999.9619,5619999.8856,2018-11-30T13:52:20.693000Z
1.13639,1.13643,7789999.9619,1000000.0,2018-11-30T13:52:21.231000Z
1.13639,1.1364200000000002,3289999.9619,1000000.0,2018-11-30T13:52:22.291000Z
1.13639,1.13643,6289999.9619,1690000.0572,2018-11-30T13:52:22.808000Z
1.13639,1.13643,2059999.9428,4760000.2289,2018-11-30T13:52:23.352000Z
1.1364,1.1364200000000002,1000000.0,2250000.0,2018-11-30T13:52:23.925000Z
1.13639,1.1364100000000001,1309999.9428,1000000.0,2018-11-30T13:52:24.561000Z
1.1364,1.1364200000000002,1120000.0048,2250000.0,2018-11-30T13:52:25.219000Z
1.13638,1.1364200000000002,8439999.5804,1690000.0572,2018-11-30T13:52:25.643000Z
1.13638,1.1364200000000002,7760000.2289,1690000.0572,2018-11-30T13:52:26.235000Z
1.13639,1.1364100000000001,2619999.8856,1000000.0,2018-11-30T13:52:26.789000Z
1.13638,1.1364200000000002,7389999.8665,1690000.0572,2018-11-30T13:52:27.345000Z
1.1364,1.1364200000000002,1000000.0,2440000.0572,2018-11-30T13:52:28.045000Z
1.13638,1.1364200000000002,11810000.4196,3789999.9619,2018-11-30T13:52:28.561000Z
1.13638,1.1364100000000001,4989999.7711,1500000.0,2018-11-30T13:52:29.069000Z
1.13638,1.1364,2059999.9428,4500000.0,2018-11-30T13:52:30.014000Z
1.13637,1.13638,2430000.0668,1000000.0,2018-11-30T13:52:30.067000Z
1.13636,1.1364,1679999.9475,5250000.0,2018-11-30T13:52:30.121000Z
1.13635,1.13638,1570000.0525,1500000.0,2018-11-30T13:52:30.173000Z
1.13635,1.1364,1870000.0048,14810000.4196,2018-11-30T13:52:30.329000Z
1.1363400000000001,1.13638,6300000.1907,1000000.0,2018-11-30T13:52:30.518000Z
1.13638,1.13639,1690000.0572,6940000.0572,2018-11-30T13:52:31.383000Z
1.13638,1.1364100000000001,2440000.0572,4500000.0,2018-11-30T13:52:31.489000Z
1.13638,1.1364,2059999.9428,1000000.0,2018-11-30T13:52:32.059000Z
1.13638,1.1364100000000001,5059999.9428,1000000.0,2018-11-30T13:52:33.083000Z
1.13638,1.13643,3940000.0572,10689999.5804,2018-11-30T13:52:33.695000Z
1.13639,1.1364200000000002,1500000.0,1690000.0572,2018-11-30T13:52:34.266000Z
1.1364100000000001,1.1364400000000001,1000000.0,13199999.8093,2018-11-30T13:52:35.262000Z
1.1364100000000001,1.1364400000000001,1500000.0,4119999.8856,2018-11-30T13:52:35.763000Z
1.1364200000000002,1.1364400000000001,1000000.0,3750000.0,2018-11-30T13:52:37.070000Z
1.1364100000000001,1.13645,1870000.0048,9939999.5804,2018-11-30T13:52:38.049000Z
1.13643,1.13647,1870000.0048,5699999.8093,2018-11-30T13:52:38.359000Z
1.1364400000000001,1.13648,3000000.0,8250000.0,2018-11-30T13:52:38.889000Z
1.13643,1.13648,6260000.2289,11319999.6948,2018-11-30T13:52:39.431000Z
1.13643,1.13646,1950000.0477,4159999.8474,2018-11-30T13:52:39.484000Z
1.1364100000000001,1.13645,1870000.0048,6190000.0572,2018-11-30T13:52:39.641000Z
1.1364400000000001,1.13646,2250000.0,2250000.0,2018-11-30T13:52:39.852000Z
1.1364400000000001,1.13648,1000000.0,7309999.9428,2018-11-30T13:52:39.956000Z
1.1364200000000002,1.13645,1200000.0477,4500000.0,2018-11-30T13:52:40.140000Z
1.13643,1.13647,2059999.9428,6559999.9428,2018-11-30T13:52:40.504000Z
1.13643,1.13647,2059999.9428,6070000.1717,2018-11-30T13:52:41.030000Z
1.13645,1.13647,1000000.0,6369999.8856,2018-11-30T13:52:41.819000Z
1.13643,1.13647,8100000.3815,3000000.0,2018-11-30T13:52:42.349000Z
1.13643,1.13648,5099999.9046,5289999.9619,2018-11-30T13:52:42.853000Z
1.1364400000000001,1.13647,1500000.0,3000000.0,2018-11-30T13:52:43.909000Z
1.1364100000000001,1.1364400000000001,4869999.8856,1870000.0048,2018-11-30T13:52:44.221000Z
1.1364400000000001,1.13646,1000000.0,1269999.9809,2018-11-30T13:52:44.743000Z
1.1364400000000001,1.13648,1120000.0048,6559999.9428,2018-11-30T13:52:44.847000Z
1.1364400000000001,1.13648,1120000.0048,7760000.2289,2018-11-30T13:52:45.655000Z
1.1364400000000001,1.13645,1870000.0048,1000000.0,2018-11-30T13:52:45.981000Z
1.1364400000000001,1.13647,2250000.0,4869999.8856,2018-11-30T13:52:46.138000Z
1.1364400000000001,1.13646,1500000.0,1000000.0,2018-11-30T13:52:46.677000Z
1.1364400000000001,1.13648,1250000.0,8060000.4196,2018-11-30T13:52:47.091000Z
1.1364400000000001,1.13647,1690000.0572,1000000.0,2018-11-30T13:52:48.151000Z
1.13645,1.13648,1120000.0048,3559999.9428,2018-11-30T13:52:48.684000Z
1.13645,1.13647,1000000.0,1690000.0572,2018-11-30T13:52:48.840000Z
1.13643,1.13645,1950000.0477,1000000.0,2018-11-30T13:52:48.892000Z
1.13643,1.13647,2250000.0,1950000.0477,2018-11-30T13:52:49.057000Z
1.1364400000000001,1.13648,1000000.0,8810000.4196,2018-11-30T13:52:49.913000Z
1.13646,1.13648,1000000.0,1000000.0,2018-11-30T13:52:50.229000Z
1.13645,1.13648,1500000.0,1000000.0,2018-11-30T13:52:50.742000Z
1.13648,1.13649,2250000.0,1000000.0,2018-11-30T13:52:51.267000Z
1.13653,1.13656,1000000.0,1000000.0,2018-11-30T13:52:51.497000Z
1.1365200000000002,1.13657,2250000.0,6940000.0572,2018-11-30T13:52:52.011000Z
1.1365200000000002,1.13655,3369999.8856,1000000.0,2018-11-30T13:52:52.328000Z
1.13653,1.13656,4389999.8665,1000000.0,2018-11-30T13:52:53.426000Z
1.13653,1.13657,3640000.1049,1000000.0,2018-11-30T13:52:53.946000Z
1.13653,1.13658,5139999.8665,7199999.8093,2018-11-30T13:52:54.502000Z
1.13654,1.13656,1000000.0,2440000.0572,2018-11-30T13:52:55.017000Z
1.1365200000000002,1.13655,2700000.0477,2250000.0,2018-11-30T13:52:55.069000Z
1.1365200000000002,1.13654,2059999.9428,1250000.0,2018-11-30T13:52:55.604000Z
1.13653,1.13655,1250000.0,7500000.0,2018-11-30T13:52:56.327000Z
1.1365100000000001,1.13655,2440000.0572,7500000.0,2018-11-30T13:52:56.430000Z
1.13654,1.13655,1500000.0,1000000.0,2018-11-30T13:52:56.484000Z
1.13654,1.13657,2250000.0,1000000.0,2018-11-30T13:52:56.537000Z
1.13653,1.13656,4050000.1907,2250000.0,2018-11-30T13:52:56.695000Z
1.13653,1.13658,3750000.0,15189999.5804,2018-11-30T13:52:57.008000Z
1.13653,1.13655,1000000.0,6750000.0,2018-11-30T13:52:57.475000Z
1.13654,1.13657,1000000.0,1100000.0238,2018-11-30T13:52:57.634000Z
1.13653,1.13658,5920000.0763,8060000.4196,2018-11-30T13:52:58.185000Z
1.13654,1.13657,1120000.0048,1000000.0,2018-11-30T13:52:58.868000Z
1.1365200000000002,1.13656,4010000.2289,2059999.9428,2018-11-30T13:52:59.148000Z
1.1365200000000002,1.13654,1870000.0048,4130000.1144,2018-11-30T13:52:59.255000Z
1.1365100000000001,1.13654,1690000.0572,1690000.0572,2018-11-30T13:52:59.799000Z
1.1365100000000001,1.13654,1690000.0572,2289999.9619,2018-11-30T13:53:00.317000Z
1.1365200000000002,1.13654,1250000.0,4909999.8474,2018-11-30T13:53:00.893000Z
1.1365100000000001,1.13654,2440000.0572,2059999.9428,2018-11-30T13:53:01.409000Z
1.1365200000000002,1.13654,1250000.0,3940000.0572,2018-11-30T13:53:02.499000Z
1.1365,1.13654,6039999.9619,2059999.9428,2018-11-30T13:53:02.551000Z
1.1365100000000001,1.13654,1250000.0,4309999.9428,2018-11-30T13:53:03.063000Z
1.1365200000000002,1.13654,1250000.0,4610000.1335,2018-11-30T13:53:03.666000Z
1.1365200000000002,1.13655,3190000.0572,3000000.0,2018-11-30T13:53:03.823000Z
1.1365200000000002,1.13657,3190000.0572,10310000.4196,2018-11-30T13:53:04.368000Z
1.13653,1.13656,1000000.0,4309999.9428,2018-11-30T13:53:05.014000Z
1.1365200000000002,1.13656,5440000.0572,1309999.9428,2018-11-30T13:53:05.806000Z
1.13653,1.13656,1000000.0,4690000.0572,2018-11-30T13:53:07.503000Z
1.1365200000000002,1.13656,3940000.0572,1250000.0,2018-11-30T13:53:08.049000Z
1.1365100000000001,1.13654,3259999.9905,2440000.0572,2018-11-30T13:53:09.024000Z
1.1365200000000002,1.13653,1000000.0,1000000.0,2018-11-30T13:53:10.042000Z
1.13647,1.1365,8250000.0,2250000.0,2018-11-30T13:53:10.333000Z
1.13649,1.1365,1500000.0,2250000.0,2018-11-30T13:53:10.389000Z
1.13649,1.13653,1500000.0,7010000.2289,2018-11-30T13:53:10.443000Z
1.13649,1.13653,1690000.0572,3259999.9905,2018-11-30T13:53:10.958000Z
1.13649,1.13653,1690000.0572,7949999.8093,2018-11-30T13:53:11.010000Z
1.13649,1.13653,1690000.0572,4760000.2289,2018-11-30T13:53:11.063000Z
1.1365,1.1365200000000002,1000000.0,1000000.0,2018-11-30T13:53:11.792000Z
1.1365100000000001,1.13653,1309999.9428,2059999.9428,2018-11-30T13:53:12.312000Z
1.1365200000000002,1.13654,1250000.0,1690000.0572,2018-11-30T13:53:12.852000Z
1.1365,1.13653,3369999.8856,1500000.0,2018-11-30T13:53:12.906000Z
1.1365,1.13653,1250000.0,5059999.9428,2018-11-30T13:53:13.440000Z
1.1365200000000002,1.13654,1000000.0,5250000.0,2018-11-30T13:53:13.731000Z
1.1365100000000001,1.13654,2440000.0572,1120000.0048,2018-11-30T13:53:14.254000Z
1.1365200000000002,1.13654,1250000.0,4500000.0,2018-11-30T13:53:14.791000Z
1.1365100000000001,1.13654,3190000.0572,2250000.0,2018-11-30T13:53:15.318000Z
1.1365200000000002,1.13654,1690000.0572,2250000.0,2018-11-30T13:53:15.858000Z
1.1365100000000001,1.13653,1500000.0,2250000.0,2018-11-30T13:53:16.892000Z
1.13648,1.1365200000000002,3069999.9332,3559999.9428,2018-11-30T13:53:17.049000Z
1.13648,1.1365,1000000.0,1000000.0,2018-11-30T13:53:17.616000Z
1.13648,1.13649,1000000.0,1000000.0,2018-11-30T13:53:18.527000Z
1.13646,1.13649,1120000.0048,4500000.0,2018-11-30T13:53:18.686000Z
1.1364400000000001,1.13648,4880000.1144,1500000.0,2018-11-30T13:53:18.843000Z
1.13646,1.13648,1000000.0,1870000.0048,2018-11-30T13:53:19.208000Z
1.1364400000000001,1.13648,1120000.0048,2809999.9428,2018-11-30T13:53:19.365000Z
1.13646,1.13648,5059999.9428,1000000.0,2018-11-30T13:53:20.347000Z
1.13646,1.1365,6940000.0572,3750000.0,2018-11-30T13:53:20.453000Z
1.13647,1.1365,4500000.0,1690000.0572,2018-11-30T13:53:20.983000Z
1.13646,1.1365,12000000.0,2059999.9428,2018-11-30T13:53:21.564000Z
1.13647,1.1365,1000000.0,2619999.8856,2018-11-30T13:53:22.300000Z
1.13648,1.1365100000000001,1250000.0,3559999.9428,2018-11-30T13:53:23.394000Z
1.13649,1.1365200000000002,3000000.0,1000000.0,2018-11-30T13:53:23.499000Z
1.13648,1.1365,1120000.0048,1000000.0,2018-11-30T13:53:23.603000Z
1.13647,1.1365100000000001,1120000.0048,7690000.0572,2018-11-30T13:53:24.122000Z
1.13648,1.1365,1000000.0,3750000.0,2018-11-30T13:53:25.189000Z
1.13647,1.1365100000000001,3750000.0,4690000.0572,2018-11-30T13:53:25.294000Z
1.13647,1.1365,1000000.0,1000000.0,2018-11-30T13:53:25.820000Z
1.13649,1.1365200000000002,1309999.9428,2619999.8856,2018-11-30T13:53:26.184000Z
1.1365100000000001,1.13655,8810000.4196,1309999.9428,2018-11-30T13:53:26.536000Z
1.1365200000000002,1.13655,2250000.0,1309999.9428,2018-11-30T13:53:27.055000Z
1.13653,1.13655,1000000.0,1870000.0048,2018-11-30T13:53:27.984000Z
1.1365200000000002,1.13656,2440000.0572,3450000.0477,2018-11-30T13:53:28.526000Z
1.13653,1.13655,1000000.0,1000000.0,2018-11-30T13:53:29.067000Z
1.1365200000000002,1.13656,2250000.0,1690000.0572,2018-11-30T13:53:29.614000Z
1.1365200000000002,1.13654,1000000.0,1870000.0048,2018-11-30T13:53:30.322000Z
1.1365100000000001,1.13654,1500000.0,3000000.0,2018-11-30T13:53:30.908000Z
1.1365,1.1365200000000002,1000000.0,1309999.9428,2018-11-30T13:53:31.219000Z
1.1365,1.13653,1000000.0,7309999.9428,2018-11-30T13:53:31.778000Z
1.1365,1.1365100000000001,1000000.0,1000000.0,2018-11-30T13:53:32.105000Z
1.13648,1.1365,1500000.0,8250000.0,2018-11-30T13:53:32.598000Z
1.13649,1.1365200000000002,1000000.0,4500000.0,2018-11-30T13:53:32.828000Z
1.13647,1.1365,1690000.0572,4500000.0,2018-11-30T13:53:33.441000Z
1.13645,1.13649,5510000.2289,3750000.0,2018-11-30T13:53:33.494000Z
1.13645,1.13648,1690000.0572,3750000.0,2018-11-30T13:53:34.629000Z
1.1364400000000001,1.13647,7500000.0,1000000.0,2018-11-30T13:53:35.174000Z
1.1364400000000001,1.13648,6750000.0,3000000.0,2018-11-30T13:53:36.464000Z
1.1364200000000002,1.1364400000000001,10010000.2289,2250000.0,2018-11-30T13:53:36.622000Z
1.13645,1.13648,3750000.0,2619999.8856,2018-11-30T13:53:36.729000Z
1.1364400000000001,1.13647,1500000.0,1500000.0,2018-11-30T13:53:37.270000Z
1.1364400000000001,1.13646,1690000.0572,1120000.0048,2018-11-30T13:53:37.789000Z
1.13643,1.13646,1120000.0048,1000000.0,2018-11-30T13:53:38.322000Z
1.13643,1.13645,2619999.8856,1000000.0,2018-11-30T13:53:39.656000Z
1.1364400000000001,1.13647,2809999.9428,2549999.9523,2018-11-30T13:53:39.961000Z
1.1364400000000001,1.13646,1000000.0,1000000.0,2018-11-30T13:53:40.642000Z
1.13643,1.13647,1870000.0048,4869999.8856,2018-11-30T13:53:41.878000Z
1.1364400000000001,1.13647,1000000.0,3190000.0572,2018-11-30T13:53:42.400000Z
1.1364400000000001,1.13647,1690000.0572,3940000.0572,2018-11-30T13:53:43.354000Z
1.1364400000000001,1.13647,1000000.0,1049999.9523,2018-11-30T13:53:43.899000Z
1.13643,1.13645,2059999.9428,1000000.0,2018-11-30T13:53:44.261000Z
1.1364200000000002,1.13646,3000000.0,11810000.4196,2018-11-30T13:53:44.768000Z
1.1364200000000002,1.13645,4880000.1144,1500000.0,2018-11-30T13:53:45.440000Z
1.1364200000000002,1.13646,1870000.0048,7500000.0,2018-11-30T13:53:45.963000Z
1.13645,1.13647,1000000.0,4570000.1717,2018-11-30T13:53:46.979000Z
1.13645,1.13646,1000000.0,1000000.0,2018-11-30T13:53:47.644000Z
1.1364200000000002,1.13645,1000000.0,12260000.2289,2018-11-30T13:53:47.953000Z
1.1364100000000001,1.1364400000000001,2250000.0,1000000.0,2018-11-30T13:53:48.565000Z
1.1364200000000002,1.13643,1000000.0,1000000.0,2018-11-30T13:53:49.489000Z
1.13639,1.13643,3190000.0572,2250000.0,2018-11-30T13:53:49.542000Z
1.13638,1.1364200000000002,2619999.8856,3000000.0,2018-11-30T13:53:49.648000Z
1.13638,1.1364,1000000.0,1000000.0,2018-11-30T13:53:49.913000Z
1.13635,1.13638,3750000.0,1000000.0,2018-11-30T13:53:50.259000Z
1.13635,1.13639,1120000.0048,5099999.9046,2018-11-30T13:53:50.778000Z
1.1363400000000001,1.13638,1690000.0572,1250000.0,2018-11-30T13:53:51.831000Z
1.1363400000000001,1.13638,3940000.0572,2250000.0,2018-11-30T13:53:54.407000Z
1.1363400000000001,1.13636,1000000.0,1000000.0,2018-11-30T13:53:55.439000Z
1.1363400000000001,1.13638,1500000.0,2700000.0477,2018-11-30T13:53:55.855000Z
1.13635,1.13638,1720000.0286,2250000.0,2018-11-30T13:53:56.453000Z
1.13635,1.13639,1350000.0238,6559999.9428,2018-11-30T13:53:57.057000Z
1.13635,1.13638,2099999.9046,2250000.0,2018-11-30T13:53:57.724000Z
1.13635,1.13639,1350000.0238,6559999.9428,2018-11-30T13:53:58.456000Z
1.13635,1.13638,2099999.9046,1000000.0,2018-11-30T13:53:59.004000Z
1.13635,1.13639,1299999.9523,6559999.9428,2018-11-30T13:53:59.533000Z
1.13635,1.13638,2470000.0286,1500000.0,2018-11-30T13:53:59.696000Z
1.13636,1.13639,1500000.0,1690000.0572,2018-11-30T13:54:00.112000Z
1.13637,1.13638,1000000.0,1000000.0,2018-11-30T13:54:00.702000Z
1.13637,1.13639,1000000.0,3369999.8856,2018-11-30T13:54:01.538000Z
1.13636,1.13639,1500000.0,1120000.0048,2018-11-30T13:54:02.098000Z
1.13637,1.13639,1000000.0,3369999.8856,2018-11-30T13:54:02.916000Z
1.13636,1.13639,1500000.0,1120000.0048,2018-11-30T13:54:03.418000Z
1.13638,1.1364100000000001,3750000.0,1200000.0477,2018-11-30T13:54:03.576000Z
1.1364100000000001,1.1364400000000001,1500000.0,5139999.8665,2018-11-30T13:54:03.683000Z
1.1364,1.13643,1000000.0,1500000.0,2018-11-30T13:54:04.394000Z
1.13638,1.13639,1500000.0,1000000.0,2018-11-30T13:54:04.867000Z
1.13639,1.13643,2440000.0572,4389999.8665,2018-11-30T13:54:05.097000Z
1.13639,1.13643,5440000.0572,3640000.1049,2018-11-30T13:54:05.612000Z
1.1364,1.13643,3750000.0,1690000.0572,2018-11-30T13:54:06.145000Z
1.1364,1.1364400000000001,5619999.8856,4500000.0,2018-11-30T13:54:09.728000Z
1.1364100000000001,1.13643,1120000.0048,1000000.0,2018-11-30T13:54:12.397000Z
1.1364,1.1364400000000001,1370000.0048,9000000.0,2018-11-30T13:54:17.525000Z
1.1364,1.13643,2250000.0,1000000.0,2018-11-30T13:54:18.031000Z
1.1364,1.1364100000000001,1000000.0,3000000.0,2018-11-30T13:54:18.190000Z
1.13637,1.13639,1000000.0,2619999.8856,2018-11-30T13:54:18.398000Z
1.13635,1.13638,2849999.9046,1000000.0,2018-11-30T13:54:18.502000Z
1.13637,1.1364,1000000.0,2809999.9428,2018-11-30T13:54:18.667000Z
1.13636,1.13639,1000000.0,3940000.0572,2018-11-30T13:54:18.982000Z
1.13635,1.13639,2250000.0,8810000.4196,2018-11-30T13:54:19.516000Z
1.13635,1.13638,3190000.0572,1000000.0,2018-11-30T13:54:20.040000Z
1.1363400000000001,1.13636,2250000.0,1000000.0,2018-11-30T13:54:20.470000Z
1.1363400000000001,1.13638,2619999.8856,5699999.8093,2018-11-30T13:54:20.939000Z
1.13635,1.13637,1000000.0,1000000.0,2018-11-30T13:54:21.575000Z
1.13635,1.13638,1000000.0,3369999.8856,2018-11-30T13:54:22.112000Z
1.1363400000000001,1.13638,5619999.8856,3369999.8856,2018-11-30T13:54:22.732000Z
1.13637,1.13639,1370000.0048,1500000.0,2018-11-30T13:54:23.092000Z
1.13636,1.13639,2440000.0572,1500000.0,2018-11-30T13:54:23.197000Z
1.13637,1.13639,1000000.0,6000000.0,2018-11-30T13:54:23.745000Z
1.13637,1.13638,1250000.0,1250000.0,2018-11-30T13:54:24.294000Z
1.13636,1.13638,3000000.0,1000000.0,2018-11-30T13:54:24.815000Z
1.1363400000000001,1.13635,4500000.0,1870000.0048,2018-11-30T13:54:25.965000Z
1.13633,1.1363400000000001,1500000.0,2059999.9428,2018-11-30T13:54:26.019000Z
1.13629,1.1363,3000000.0,2250000.0,2018-11-30T13:54:26.072000Z
1.1362700000000001,1.13629,1000000.0,1120000.0048,2018-11-30T13:54:26.124000Z
1.13628,1.1363,2619999.8856,9000000.0,2018-11-30T13:54:26.214000Z
1.13629,1.1363200000000002,1500000.0,3549999.9523,2018-11-30T13:54:26.320000Z
1.1363,1.1363200000000002,1000000.0,1870000.0048,2018-11-30T13:54:27.438000Z
1.13629,1.13633,1500000.0,4199999.8093,2018-11-30T13:54:27.939000Z
1.1363,1.1363200000000002,1000000.0,1120000.0048,2018-11-30T13:54:29.023000Z
1.13629,1.1363200000000002,4500000.0,1000000.0,2018-11-30T13:54:29.716000Z
1.1363,1.1363200000000002,1000000.0,1120000.0048,2018-11-30T13:54:30.685000Z
1.13629,1.1363100000000002,1500000.0,1000000.0,2018-11-30T13:54:31.211000Z
1.13628,1.13629,5250000.0,1000000.0,2018-11-30T13:54:31.412000Z
1.13625,1.1362700000000001,1500000.0,1000000.0,2018-11-30T13:54:31.569000Z
1.13624,1.13626,4500000.0,1120000.0048,2018-11-30T13:54:32.112000Z
1.1362200000000002,1.13625,6000000.0,1500000.0,2018-11-30T13:54:32.168000Z
1.1362100000000002,1.13623,6750000.0,1000000.0,2018-11-30T13:54:32.537000Z
1.1362200000000002,1.13624,1000000.0,2250000.0,2018-11-30T13:54:33.930000Z
1.1362100000000002,1.13624,1500000.0,7119999.8856,2018-11-30T13:54:34.443000Z
1.1362200000000002,1.13624,1000000.0,2619999.8856,2018-11-30T13:54:35.137000Z
1.1362100000000002,1.13624,1500000.0,1870000.0048,2018-11-30T13:54:36.869000Z
1.1362200000000002,1.13624,1250000.0,2059999.9428,2018-11-30T13:54:37.459000Z
1.1362100000000002,1.13624,1690000.0572,1870000.0048,2018-11-30T13:54:38.158000Z
1.1362100000000002,1.13624,1500000.0,1870000.0048,2018-11-30T13:54:39.188000Z
1.1362200000000002,1.13623,1000000.0,1120000.0048,2018-11-30T13:54:41.115000Z
1.1362100000000002,1.13623,2250000.0,1000000.0,2018-11-30T13:54:41.620000Z
1.1362200000000002,1.13624,4869999.8856,1120000.0048,2018-11-30T13:54:43.273000Z
1.13624,1.1362700000000001,1500000.0,1000000.0,2018-11-30T13:54:43.603000Z
1.13625,1.1362700000000001,1000000.0,1870000.0048,2018-11-30T13:54:44.666000Z
1.13624,1.1362700000000001,2250000.0,1870000.0048,2018-11-30T13:54:45.194000Z
1.13625,1.1362700000000001,1000000.0,1000000.0,2018-11-30T13:54:46.851000Z
1.13624,1.1362700000000001,6000000.0,1000000.0,2018-11-30T13:54:47.374000Z
1.13625,1.1362700000000001,3750000.0,1000000.0,2018-11-30T13:54:49.157000Z
1.13624,1.1362700000000001,1250000.0,1000000.0,2018-11-30T13:54:50.089000Z
1.13624,1.13626,2440000.0572,1000000.0,2018-11-30T13:54:51.047000Z
1.1362200000000002,1.13625,1309999.9428,1000000.0,2018-11-30T13:54:51.258000Z
1.13624,1.13626,1250000.0,4119999.8856,2018-11-30T13:54:51.594000Z
1.13623,1.13626,2440000.0572,2250000.0,2018-11-30T13:54:52.112000Z
1.1362200000000002,1.13623,2250000.0,1500000.0,2018-11-30T13:54:52.738000Z
1.13615,1.13618,1370000.0048,6750000.0,2018-11-30T13:54:53.088000Z
1.13614,1.13618,3940000.0572,5250000.0,2018-11-30T13:54:53.192000Z
1.13615,1.13616,1000000.0,1000000.0,2018-11-30T13:54:53.713000Z
1.13614,1.13616,2890000.1049,1000000.0,2018-11-30T13:54:54.259000Z
1.13613,1.13616,1250000.0,2619999.8856,2018-11-30T13:54:54.767000Z
1.13614,1.1361700000000001,1500000.0,2619999.8856,2018-11-30T13:54:55.286000Z
1.13613,1.13618,3819999.9332,9560000.4196,2018-11-30T13:54:55.706000Z
1.13615,1.1361700000000001,1000000.0,2619999.8856,2018-11-30T13:54:55.913000Z
1.13614,1.1361700000000001,2250000.0,1870000.0048,2018-11-30T13:54:56.420000Z
1.13614,1.13618,4690000.0572,3940000.0572,2018-11-30T13:54:57.072000Z
1.13616,1.13619,1000000.0,1120000.0048,2018-11-30T13:54:57.460000Z
1.13615,1.1361700000000001,1000000.0,3750000.0,2018-11-30T13:54:57.773000Z
1.13614,1.13618,3369999.8856,9939999.5804,2018-11-30T13:54:58.285000Z
1.13612,1.13613,1870000.0048,1690000.0572,2018-11-30T13:54:58.628000Z
1.13609,1.13612,1000000.0,6369999.8856,2018-11-30T13:54:58.733000Z
1.1361,1.13612,1500000.0,2250000.0,2018-11-30T13:54:59.261000Z
1.13608,1.13612,5440000.0572,1000000.0,2018-11-30T13:54:59.614000Z
1.13608,1.13612,2250000.0,6750000.0,2018-11-30T13:55:00.197000Z
1.1361,1.13613,1000000.0,3000000.0,2018-11-30T13:55:00.732000Z
1.1361,1.13612,1000000.0,1000000.0,2018-11-30T13:55:02.008000Z
1.13609,1.13613,5510000.2289,3000000.0,2018-11-30T13:55:02.637000Z
1.1361,1.13612,1000000.0,1000000.0,2018-11-30T13:55:03.372000Z
1.13609,1.13613,3190000.0572,3940000.0572,2018-11-30T13:55:03.902000Z
1.1361,1.13612,1000000.0,1000000.0,2018-11-30T13:55:04.416000Z
1.13609,1.13613,1690000.0572,5440000.0572,2018-11-30T13:55:05.072000Z
1.13609,1.13613,1690000.0572,7690000.0572,2018-11-30T13:55:05.623000Z
1.13609,1.13613,3190000.0572,12220000.267,2018-11-30T13:55:06.133000Z
1.13602,1.13604,1500000.0,1000000.0,2018-11-30T13:55:06.526000Z
1.13604,1.1360700000000001,1000000.0,7869999.8856,2018-11-30T13:55:06.839000Z
1.1360299999999999,1.1360700000000001,1120000.0048,1870000.0048,2018-11-30T13:55:07.351000Z
1.13604,1.13606,1690000.0572,1000000.0,2018-11-30T13:55:07.941000Z
1.13604,1.1360700000000001,1690000.0572,2250000.0,2018-11-30T13:55:08.483000Z
1.13604,1.1360700000000001,1000000.0,4119999.8856,2018-11-30T13:55:08.986000Z
1.13604,1.1360700000000001,1500000.0,1500000.0,2018-11-30T13:55:09.712000Z
1.13605,1.1360700000000001,1000000.0,1500000.0,2018-11-30T13:55:10.237000Z
1.13605,1.13606,1000000.0,1000000.0,2018-11-30T13:55:10.751000Z
1.13605,1.13608,1000000.0,6559999.9428,2018-11-30T13:55:11.067000Z
1.1360299999999999,1.13604,1000000.0,1000000.0,2018-11-30T13:55:11.379000Z
1.13602,1.13604,3000000.0,5250000.0,2018-11-30T13:55:11.907000Z
1.13602,1.1360299999999999,1000000.0,1500000.0,2018-11-30T13:55:12.427000Z
1.1360100000000002,1.1360299999999999,1500000.0,1000000.0,2018-11-30T13:55:12.945000Z
1.1360100000000002,1.13604,1500000.0,4269999.9809,2018-11-30T13:55:13.529000Z
1.13602,1.13604,1000000.0,7869999.8856,2018-11-30T13:55:14.086000Z
1.13602,1.1360299999999999,1000000.0,1000000.0,2018-11-30T13:55:14.777000Z
1.1360000000000001,1.1360299999999999,3369999.8856,1000000.0,2018-11-30T13:55:15.136000Z
1.1360100000000002,1.13604,1000000.0,9369999.8856,2018-11-30T13:55:15.677000Z
1.1360100000000002,1.1360299999999999,1000000.0,1000000.0,2018-11-30T13:55:16.396000Z
1.1360100000000002,1.13604,1000000.0,4119999.8856,2018-11-30T13:55:16.902000Z
1.1360100000000002,1.1360299999999999,1000000.0,1000000.0,2018-11-30T13:55:18.799000Z
1.1360100000000002,1.13604,1000000.0,4869999.8856,2018-11-30T13:55:21.795000Z
1.1360299999999999,1.13605,1690000.0572,1500000.0,2018-11-30T13:55:22.004000Z
1.1360100000000002,1.13605,2250000.0,1870000.0048,2018-11-30T13:55:22.345000Z
1.1360000000000001,1.13604,1500000.0,3670000.0763,2018-11-30T13:55:22.883000Z
1.1360000000000001,1.13602,1000000.0,1000000.0,2018-11-30T13:55:23.381000Z
1.1360000000000001,1.1360299999999999,1000000.0,1120000.0048,2018-11-30T13:55:23.887000Z
1.13599,1.13602,2059999.9428,1870000.0048,2018-11-30T13:55:24.246000Z
1.13599,1.1360299999999999,1309999.9428,2250000.0,2018-11-30T13:55:24.350000Z
1.1360000000000001,1.1360299999999999,1309999.9428,3190000.0572,2018-11-30T13:55:24.861000Z
1.13599,1.13602,6559999.9428,1000000.0,2018-11-30T13:55:25.593000Z
1.1360000000000001,1.1360299999999999,3369999.8856,3000000.0,2018-11-30T13:55:26.130000Z
1.13599,1.1360299999999999,6369999.8856,2250000.0,2018-11-30T13:55:27.638000Z
1.1360100000000002,1.13604,1000000.0,11659999.8474,2018-11-30T13:55:28.174000Z
1.1360000000000001,1.13604,1870000.0048,7719999.7902,2018-11-30T13:55:29.311000Z
1.1360100000000002,1.13604,1000000.0,8850000.3815,2018-11-30T13:55:29.922000Z
1.1360100000000002,1.1360299999999999,1500000.0,1000000.0,2018-11-30T13:55:30.445000Z
1.1360100000000002,1.13604,1870000.0048,6599999.9046,2018-11-30T13:55:31.152000Z
1.1360000000000001,1.1360299999999999,3190000.0572,1000000.0,2018-11-30T13:55:31.722000Z
1.13605,1.13609,1720000.0286,6369999.8856,2018-11-30T13:55:32.040000Z
1.13604,1.13608,7500000.0,2250000.0,2018-11-30T13:55:32.557000Z
1.13605,1.1360700000000001,1120000.0048,1000000.0,2018-11-30T13:55:34.147000Z
1.13604,1.13608,4119999.8856,3069999.9332,2018-11-30T13:55:34.677000Z
1.13604,1.1360700000000001,4119999.8856,1000000.0,2018-11-30T13:55:35.225000Z
1.13604,1.13608,4119999.8856,4389999.8665,2018-11-30T13:55:35.772000Z
1.13605,1.1360700000000001,1120000.0048,1000000.0,2018-11-30T13:55:36.344000Z
1.13604,1.13608,4500000.0,3069999.9332,2018-11-30T13:55:36.852000Z
1.13605,1.1360700000000001,1120000.0048,1000000.0,2018-11-30T13:55:37.869000Z
1.13604,1.13608,4119999.8856,1000000.0,2018-11-30T13:55:38.452000Z
1.13606,1.13609,1370000.0048,9449999.8093,2018-11-30T13:55:38.967000Z
1.13606,1.1360700000000001,1000000.0,3369999.8856,2018-11-30T13:55:39.417000Z
1.13604,1.1360700000000001,1000000.0,6000000.0,2018-11-30T13:55:39.524000Z
1.13604,1.13606,1120000.0048,1000000.0,2018-11-30T13:55:40.216000Z
1.13604,1.1360700000000001,1000000.0,4119999.8856,2018-11-30T13:55:40.768000Z
1.13605,1.13608,1000000.0,6559999.9428,2018-11-30T13:55:41.314000Z
1.1360700000000001,1.13609,1370000.0048,6000000.0,2018-11-30T13:55:41.420000Z
1.13606,1.13609,1120000.0048,4869999.8856,2018-11-30T13:55:41.627000Z
1.13606,1.1360700000000001,1000000.0,1000000.0,2018-11-30T13:55:42.154000Z
1.13606,1.13608,1000000.0,4500000.0,2018-11-30T13:55:43.327000Z
1.13605,1.1360700000000001,1000000.0,1000000.0,2018-11-30T13:55:43.869000Z
1.13606,1.1360700000000001,1500000.0,1500000.0,2018-11-30T13:55:44.131000Z
1.13605,1.13608,1120000.0048,1500000.0,2018-11-30T13:55:44.289000Z
1.13605,1.1360700000000001,1000000.0,1000000.0,2018-11-30T13:55:45.159000Z
1.13605,1.13608,1000000.0,3819999.9332,2018-11-30T13:55:46.084000Z
1.13605,1.1360700000000001,2250000.0,1000000.0,2018-11-30T13:55:47.697000Z
1.13605,1.13609,3599999.9046,8699999.8093,2018-11-30T13:55:47.839000Z
1.13605,1.1360700000000001,4500000.0,1000000.0,2018-11-30T13:55:48.533000Z
1.13605,1.13608,1000000.0,1690000.0572,2018-11-30T13:55:49.067000Z
1.13605,1.1360700000000001,1500000.0,1000000.0,2018-11-30T13:55:49.807000Z
1.13605,1.13608,1000000.0,3000000.0,2018-11-30T13:55:51.393000Z
1.13606,1.13608,1500000.0,1500000.0,2018-11-30T13:55:52.693000Z
1.13606,1.1361,5250000.0,5699999.8093,2018-11-30T13:55:52.904000Z
1.13608,1.1361100000000002,2250000.0,5699999.8093,2018-11-30T13:55:52.958000Z
1.1361,1.13612,1000000.0,1500000.0,2018-11-30T13:55:53.323000Z
1.1361,1.13613,1000000.0,8699999.8093,2018-11-30T13:55:53.869000Z
1.1361,1.13612,1500000.0,1000000.0,2018-11-30T13:55:54.428000Z
1.1361,1.13613,1000000.0,3000000.0,2018-11-30T13:55:55.096000Z
1.1361,1.13612,1500000.0,1000000.0,2018-11-30T13:55:55.835000Z
1.1361,1.13614,1870000.0048,6750000.0,2018-11-30T13:55:56.299000Z
1.1361,1.13613,3369999.8856,2250000.0,2018-11-30T13:55:56.984000Z
1.1361,1.13612,1500000.0,1000000.0,2018-11-30T13:55:57.564000Z
1.13609,1.13612,2849999.9046,1000000.0,2018-11-30T13:55:58.715000Z
1.13609,1.13613,3750000.0,2250000.0,2018-11-30T13:55:59.245000Z
1.1361,1.13613,1250000.0,6559999.9428,2018-11-30T13:55:59.784000Z
1.13609,1.13613,8439999.5804,7309999.9428,2018-11-30T13:56:00.321000Z
1.1361,1.13613,7159999.8474,5250000.0,2018-11-30T13:56:00.581000Z
1.1361100000000002,1.13613,1120000.0048,3750000.0,2018-11-30T13:56:05.774000Z
1.1361,1.13613,1370000.0048,1120000.0048,2018-11-30T13:56:06.285000Z
1.1361,1.13612,1870000.0048,1000000.0,2018-11-30T13:56:08.208000Z
1.1361,1.13613,1370000.0048,4719999.7902,2018-11-30T13:56:08.731000Z
1.1361,1.13612,4119999.8856,1000000.0,2018-11-30T13:56:10.043000Z
1.1361,1.13613,1870000.0048,1500000.0,2018-11-30T13:56:10.570000Z
1.1361,1.13612,1870000.0048,2250000.0,2018-11-30T13:56:13.261000Z
1.1361,1.13613,1370000.0048,2619999.8856,2018-11-30T13:56:13.795000Z
1.1361,1.13612,1370000.0048,2250000.0,2018-11-30T13:56:14.332000Z
1.13609,1.13612,1370000.0048,1500000.0,2018-11-30T13:56:14.928000Z
1.13609,1.13612,1000000.0,5250000.0,2018-11-30T13:56:15.449000Z
1.13608,1.1361,3000000.0,4369999.8856,2018-11-30T13:56:16.041000Z
1.13606,1.13609,6449999.8093,3000000.0,2018-11-30T13:56:16.094000Z
1.13606,1.13608,1370000.0048,3000000.0,2018-11-30T13:56:16.617000Z
1.13605,1.13608,1690000.0572,3369999.8856,2018-11-30T13:56:16.980000Z
1.13604,1.13606,3369999.8856,1000000.0,2018-11-30T13:56:18.171000Z
1.13604,1.13605,1120000.0048,1000000.0,2018-11-30T13:56:18.732000Z
1.13604,1.13606,1000000.0,5250000.0,2018-11-30T13:56:19.252000Z
1.1360299999999999,1.13606,2250000.0,4500000.0,2018-11-30T13:56:20.572000Z
1.13604,1.13606,1000000.0,4500000.0,2018-11-30T13:56:21.616000Z
1.13604,1.13605,2250000.0,1000000.0,2018-11-30T13:56:22.713000Z
1.13604,1.1360700000000001,2619999.8856,1500000.0,2018-11-30T13:56:22.869000Z
1.13606,1.1360700000000001,1000000.0,1000000.0,2018-11-30T13:56:22.923000Z
1.13605,1.13609,1120000.0048,12000000.0,2018-11-30T13:56:23.370000Z
1.13605,1.13608,2619999.8856,2250000.0,2018-11-30T13:56:24.005000Z
1.13609,1.1361,1299999.9523,5250000.0,2018-11-30T13:56:24.240000Z
1.13608,1.1361100000000002,8100000.3815,1000000.0,2018-11-30T13:56:24.295000Z
1.13609,1.1361,1120000.0048,1000000.0,2018-11-30T13:56:24.971000Z
1.13608,1.1361100000000002,1870000.0048,1500000.0,2018-11-30T13:56:25.540000Z
1.13608,1.1361,4500000.0,1000000.0,2018-11-30T13:56:26.104000Z
1.1361,1.13612,1000000.0,1500000.0,2018-11-30T13:56:26.262000Z
1.1361,1.13613,1000000.0,9189999.5804,2018-11-30T13:56:27.239000Z
1.13609,1.13613,2619999.8856,8250000.0,2018-11-30T13:56:28.041000Z
1.13609,1.1361100000000002,2619999.8856,1000000.0,2018-11-30T13:56:29.174000Z
1.13609,1.1361,1120000.0048,1000000.0,2018-11-30T13:56:30.097000Z
1.13608,1.13609,1500000.0,3000000.0,2018-11-30T13:56:31.024000Z
1.13605,1.1360700000000001,1000000.0,2099999.9046,2018-11-30T13:56:31.131000Z
1.13604,1.13606,1250000.0,4500000.0,2018-11-30T13:56:31.184000Z
1.1360100000000002,1.1360299999999999,1950000.0477,1000000.0,2018-11-30T13:56:31.341000Z
1.13599,1.1360000000000001,1389999.9857,2619999.8856,2018-11-30T13:56:31.576000Z
1.1359299999999999,1.13595,1000000.0,5099999.9046,2018-11-30T13:56:31.792000Z
1.1359299999999999,1.13596,1690000.0572,4500000.0,2018-11-30T13:56:32.298000Z
1.1359299999999999,1.13594,1000000.0,4500000.0,2018-11-30T13:56:32.980000Z
1.13589,1.13594,4869999.8856,12409999.8474,2018-11-30T13:56:33.086000Z
1.1359000000000001,1.1359100000000002,1000000.0,1500000.0,2018-11-30T13:56:33.138000Z
1.13589,1.1359100000000002,1000000.0,4500000.0,2018-11-30T13:56:33.679000Z
1.13589,1.1359000000000001,1000000.0,1000000.0,2018-11-30T13:56:34.677000Z
1.13586,1.13588,2250000.0,1720000.0286,2018-11-30T13:56:34.936000Z
1.13585,1.13586,2250000.0,1000000.0,2018-11-30T13:56:35.101000Z
1.13583,1.13586,3559999.9428,3000000.0,2018-11-30T13:56:35.155000Z
1.1358000000000001,1.13583,5889999.8665,1000000.0,2018-11-30T13:56:35.312000Z
1.13579,1.13582,2440000.0572,4500000.0,2018-11-30T13:56:35.621000Z
1.13578,1.1358000000000001,1500000.0,1000000.0,2018-11-30T13:56:35.880000Z
1.13576,1.13578,1100000.0238,1500000.0,2018-11-30T13:56:36.108000Z
1.13572,1.13575,6409999.8474,1870000.0048,2018-11-30T13:56:36.160000Z
1.13571,1.13574,1080000.0429,1000000.0,2018-11-30T13:56:36.421000Z
1.13573,1.13575,1000000.0,1250000.0,2018-11-30T13:56:36.474000Z
1.1356700000000002,1.13569,1690000.0572,9369999.8856,2018-11-30T13:56:36.794000Z
1.13568,1.13572,2440000.0572,4119999.8856,2018-11-30T13:56:37.129000Z
1.1357000000000002,1.13574,2619999.8856,3069999.9332,2018-11-30T13:56:37.568000Z
1.13569,1.13573,1250000.0,2250000.0,2018-11-30T13:56:38.096000Z
1.1356700000000002,1.13569,6190000.0572,1000000.0,2018-11-30T13:56:38.356000Z
1.13559,1.1356000000000002,1500000.0,1000000.0,2018-11-30T13:56:38.543000Z
1.1355600000000001,1.13559,2440000.0572,1000000.0,2018-11-30T13:56:38.596000Z
1.1355600000000001,1.13558,1870000.0048,1500000.0,2018-11-30T13:56:38.648000Z
1.13559,1.13561,1370000.0048,6750000.0,2018-11-30T13:56:39.034000Z
1.1356000000000002,1.13562,1000000.0,1000000.0,2018-11-30T13:56:39.477000Z
1.13559,1.1356000000000002,1120000.0048,1000000.0,2018-11-30T13:56:39.946000Z
1.13559,1.13562,1500000.0,2700000.0477,2018-11-30T13:56:40.166000Z
1.13559,1.13561,1500000.0,1000000.0,2018-11-30T13:56:40.750000Z
1.13559,1.13563,1620000.0048,3450000.0477,2018-11-30T13:56:41.218000Z
1.13559,1.13563,2059999.9428,2319999.9332,2018-11-30T13:56:41.816000Z
1.1356000000000002,1.13564,2059999.9428,11510000.2289,2018-11-30T13:56:42.078000Z
1.1356000000000002,1.13562,1000000.0,1000000.0,2018-11-30T13:56:42.619000Z
1.13562,1.13563,1000000.0,1100000.0238,2018-11-30T13:56:42.726000Z
1.13565,1.13569,2619999.8856,5619999.8856,2018-11-30T13:56:42.981000Z
1.1356600000000001,1.1356700000000002,1000000.0,1000000.0,2018-11-30T13:56:43.034000Z
1.13565,1.13569,3000000.0,3069999.9332,2018-11-30T13:56:43.140000Z
1.1356700000000002,1.1357000000000002,1690000.0572,3000000.0,2018-11-30T13:56:43.480000Z
1.13571,1.13573,1370000.0048,1000000.0,2018-11-30T13:56:43.795000Z
1.13572,1.13575,1370000.0048,5619999.8856,2018-11-30T13:56:44.089000Z
1.13571,1.13574,1120000.0048,6940000.0572,2018-11-30T13:56:44.142000Z
1.13572,1.13573,1120000.0048,1000000.0,2018-11-30T13:56:44.457000Z
1.13572,1.13574,1370000.0048,1000000.0,2018-11-30T13:56:45.077000Z
1.13575,1.1357700000000002,1500000.0,5250000.0,2018-11-30T13:56:45.182000Z
1.13576,1.13579,1870000.0048,10310000.4196,2018-11-30T13:56:45.351000Z
1.13579,1.1358000000000001,1690000.0572,1120000.0048,2018-11-30T13:56:46.038000Z
1.13582,1.13584,1370000.0048,1500000.0,2018-11-30T13:56:46.092000Z
1.13585,1.1358700000000002,1370000.0048,5440000.0572,2018-11-30T13:56:46.251000Z
1.13583,1.13585,1500000.0,3000000.0,2018-11-30T13:56:46.536000Z
1.13583,1.13584,1000000.0,1870000.0048,2018-11-30T13:56:47.140000Z
1.1358000000000001,1.13582,1200000.0477,4500000.0,2018-11-30T13:56:47.507000Z
1.1358000000000001,1.13584,1490000.0095,2059999.9428,2018-11-30T13:56:47.613000Z
1.1358000000000001,1.13583,2440000.0572,1250000.0,2018-11-30T13:56:48.122000Z
1.1358000000000001,1.13581,1000000.0,1000000.0,2018-11-30T13:56:49.110000Z
1.1358000000000001,1.13583,1000000.0,1120000.0048,2018-11-30T13:56:49.318000Z
1.13579,1.13584,1000000.0,4309999.9428,2018-11-30T13:56:49.870000Z
1.13582,1.13585,1000000.0,4869999.8856,2018-11-30T13:56:49.923000Z
1.13581,1.13584,2509999.9905,1000000.0,2018-11-30T13:56:50.712000Z
1.1358000000000001,1.13584,4570000.1717,3559999.9428,2018-11-30T13:56:51.233000Z
1.13581,1.13583,1120000.0048,1000000.0,2018-11-30T13:56:51.876000Z
1.13581,1.13585,1000000.0,8140000.3433,2018-11-30T13:56:52.421000Z
1.13581,1.13584,1000000.0,1190000.0572,2018-11-30T13:56:52.963000Z
1.13581,1.13585,1000000.0,6750000.0,2018-11-30T13:56:53.482000Z
1.13581,1.13584,1370000.0048,2809999.9428,2018-11-30T13:56:53.988000Z
1.13582,1.13583,1000000.0,1000000.0,2018-11-30T13:56:56.524000Z
1.13584,1.13586,1870000.0048,2059999.9428,2018-11-30T13:56:57.945000Z
1.13586,1.13588,1000000.0,1000000.0,2018-11-30T13:56:58.153000Z
1.13585,1.1358700000000002,1000000.0,2250000.0,2018-11-30T13:56:58.670000Z
1.13585,1.13588,1000000.0,5619999.8856,2018-11-30T13:56:59.173000Z
1.13585,1.1358700000000002,1500000.0,1000000.0,2018-11-30T13:57:00.505000Z
1.13585,1.13588,1500000.0,2470000.0286,2018-11-30T13:57:01.105000Z
1.13585,1.1358700000000002,1000000.0,1000000.0,2018-11-30T13:57:02.104000Z
1.13585,1.13588,1000000.0,2470000.0286,2018-11-30T13:57:03.461000Z
1.13585,1.13586,1000000.0,1000000.0,2018-11-30T13:57:03.997000Z
1.13585,1.13588,1000000.0,6750000.0,2018-11-30T13:57:04.525000Z
1.13585,1.1358700000000002,1500000.0,1000000.0,2018-11-30T13:57:05.259000Z
1.13585,1.13588,1000000.0,1870000.0048,2018-11-30T13:57:05.898000Z
1.13585,1.1358700000000002,1000000.0,1120000.0048,2018-11-30T13:57:07.381000Z
1.13585,1.13588,1000000.0,1250000.0,2018-11-30T13:57:07.898000Z
1.13585,1.1358700000000002,1000000.0,1000000.0,2018-11-30T13:57:08.613000Z
1.13585,1.13588,1000000.0,1500000.0,2018-11-30T13:57:09.127000Z
1.13585,1.1358700000000002,1000000.0,1000000.0,2018-11-30T13:57:10.099000Z
1.13584,1.13586,1000000.0,2440000.0572,2018-11-30T13:57:10.284000Z
1.13581,1.13584,2250000.0,2059999.9428,2018-11-30T13:57:10.494000Z
1.13581,1.13582,1000000.0,1000000.0,2018-11-30T13:57:11.129000Z
1.13581,1.13584,1000000.0,8060000.4196,2018-11-30T13:57:11.335000Z
1.13581,1.13582,1000000.0,1000000.0,2018-11-30T13:57:11.722000Z
1.13581,1.13584,1000000.0,6559999.9428,2018-11-30T13:57:12.044000Z
1.13581,1.13582,1000000.0,1000000.0,2018-11-30T13:57:12.459000Z
1.13581,1.13583,1000000.0,1000000.0,2018-11-30T13:57:12.965000Z
1.13581,1.13584,1000000.0,8060000.4196,2018-11-30T13:57:13.818000Z
1.13581,1.13583,1500000.0,1000000.0,2018-11-30T13:57:14.487000Z
1.13582,1.13585,1000000.0,6940000.0572,2018-11-30T13:57:14.695000Z
1.13584,1.13585,1000000.0,1000000.0,2018-11-30T13:57:14.802000Z
1.13584,1.13586,1000000.0,3559999.9428,2018-11-30T13:57:15.312000Z
1.13585,1.13586,1000000.0,1120000.0048,2018-11-30T13:57:16.074000Z
1.13585,1.13588,1000000.0,5099999.9046,2018-11-30T13:57:16.594000Z
1.13585,1.13588,1000000.0,3750000.0,2018-11-30T13:57:17.277000Z
1.13585,1.1358700000000002,1500000.0,1000000.0,2018-11-30T13:57:17.869000Z
1.13585,1.13588,4500000.0,1600000.0238,2018-11-30T13:57:19.948000Z
1.13586,1.13588,1500000.0,1139999.9857,2018-11-30T13:57:20.469000Z
1.13586,1.13588,1000000.0,2730000.0191,2018-11-30T13:57:22.857000Z
1.13583,1.13585,3069999.9332,4119999.8856,2018-11-30T13:57:23.895000Z
1.13585,1.13588,1000000.0,4599999.9046,2018-11-30T13:57:24.209000Z
1.13585,1.13586,1000000.0,1000000.0,2018-11-30T13:57:25.223000Z
1.13585,1.1358700000000002,1000000.0,1870000.0048,2018-11-30T13:57:25.739000Z
1.13584,1.13585,1500000.0,1000000.0,2018-11-30T13:57:27.318000Z
1.13583,1.13585,1000000.0,1120000.0048,2018-11-30T13:57:27.371000Z
1.13582,1.13584,1000000.0,1690000.0572,2018-11-30T13:57:27.625000Z
1.13582,1.13584,1000000.0,1500000.0,2018-11-30T13:57:28.454000Z
1.13582,1.13585,1690000.0572,3369999.8856,2018-11-30T13:57:29.280000Z
1.13585,1.13588,1370000.0048,3670000.0763,2018-11-30T13:57:29.591000Z
1.13586,1.13589,1000000.0,3940000.0572,2018-11-30T13:57:31.033000Z
1.13589,1.1359100000000002,1120000.0048,1120000.0048,2018-11-30T13:57:32.672000Z
1.1359100000000002,1.13594,3369999.8856,1000000.0,2018-11-30T13:57:32.881000Z
1.1359299999999999,1.13595,1370000.0048,4130000.1144,2018-11-30T13:57:33.006000Z
1.1359700000000001,1.13598,1000000.0,3000000.0,2018-11-30T13:57:33.113000Z
1.1359700000000001,1.13599,1120000.0048,6369999.8856,2018-11-30T13:57:33.645000Z
1.13595,1.13598,2250000.0,1500000.0,2018-11-30T13:57:34.575000Z
1.1359299999999999,1.13594,2700000.0477,1500000.0,2018-11-30T13:57:34.681000Z
1.13592,1.13594,1500000.0,2250000.0,2018-11-30T13:57:34.734000Z
1.1359100000000002,1.13594,1500000.0,4500000.0,2018-11-30T13:57:35.275000Z
1.13592,1.1359299999999999,1000000.0,1000000.0,2018-11-30T13:57:36.644000Z
1.13595,1.13596,1000000.0,1000000.0,2018-11-30T13:57:36.749000Z
1.13595,1.1359700000000001,1500000.0,1500000.0,2018-11-30T13:57:36.801000Z
1.13595,1.13599,1500000.0,8060000.4196,2018-11-30T13:57:37.355000Z
1.13596,1.13599,1000000.0,2250000.0,2018-11-30T13:57:37.902000Z
1.1359700000000001,1.13599,1370000.0048,1250000.0,2018-11-30T13:57:38.317000Z
1.13596,1.13598,1000000.0,1000000.0,2018-11-30T13:57:38.723000Z
1.13596,1.13599,1500000.0,2250000.0,2018-11-30T13:57:39.269000Z
1.13596,1.13599,2440000.0572,2440000.0572,2018-11-30T13:57:40.725000Z
1.13596,1.13599,1500000.0,2059999.9428,2018-11-30T13:57:41.377000Z
1.13596,1.13599,1690000.0572,2440000.0572,2018-11-30T13:57:42.546000Z
1.13596,1.13599,1000000.0,1120000.0048,2018-11-30T13:57:43.081000Z
1.13598,1.1360000000000001,1870000.0048,3369999.8856,2018-11-30T13:57:43.398000Z
1.13599,1.1360299999999999,1500000.0,10239999.7711,2018-11-30T13:57:43.503000Z
1.13598,1.1360000000000001,1200000.0477,2250000.0,2018-11-30T13:57:43.556000Z
1.13589,1.1359100000000002,1200000.0477,1370000.0048,2018-11-30T13:57:43.868000Z
1.13588,1.1359000000000001,3190000.0572,1370000.0048,2018-11-30T13:57:44.411000Z
1.13588,1.1359100000000002,7010000.2289,1370000.0048,2018-11-30T13:57:44.937000Z
1.1359000000000001,1.1359299999999999,2809999.9428,1500000.0,2018-11-30T13:57:45.268000Z
1.13586,1.13588,3819999.9332,1370000.0048,2018-11-30T13:57:45.585000Z
1.13585,1.1358700000000002,1000000.0,1370000.0048,2018-11-30T13:57:45.639000Z
1.13585,1.13588,3750000.0,1120000.0048,2018-11-30T13:57:45.835000Z
1.1358700000000002,1.1359000000000001,4199999.8093,4119999.8856,2018-11-30T13:57:45.889000Z
1.13585,1.13589,9640000.3433,1500000.0,2018-11-30T13:57:46.047000Z
1.13585,1.13588,1120000.0048,1000000.0,2018-11-30T13:57:46.769000Z
1.13584,1.13588,1000000.0,6000000.0,2018-11-30T13:57:47.331000Z
1.13583,1.1358700000000002,3450000.0477,3000000.0,2018-11-30T13:57:47.863000Z
1.13584,1.1358700000000002,1000000.0,3750000.0,2018-11-30T13:57:48.431000Z
1.13583,1.13586,8510000.2289,1000000.0,2018-11-30T13:57:48.965000Z
1.13583,1.13584,1100000.0238,1000000.0,2018-11-30T13:57:49.501000Z
1.13584,1.1358700000000002,1000000.0,4909999.8474,2018-11-30T13:57:49.580000Z
1.13583,1.13585,2059999.9428,1000000.0,2018-11-30T13:57:49.843000Z
1.13583,1.13586,6559999.9428,1000000.0,2018-11-30T13:57:50.155000Z
1.13583,1.1358700000000002,3559999.9428,1870000.0048,2018-11-30T13:57:50.323000Z
1.13583,1.1358700000000002,3190000.0572,1870000.0048,2018-11-30T13:57:50.566000Z
1.13583,1.13586,3559999.9428,1000000.0,2018-11-30T13:57:51.100000Z
1.13583,1.1358700000000002,2440000.0572,5619999.8856,2018-11-30T13:57:51.622000Z
1.13583,1.13586,3559999.9428,1000000.0,2018-11-30T13:57:52.187000Z
1.13583,1.13588,2809999.9428,8439999.5804,2018-11-30T13:57:52.714000Z
1.13584,1.1358700000000002,1250000.0,1120000.0048,2018-11-30T13:57:53.245000Z
1.13583,1.1358700000000002,1389999.9857,1250000.0,2018-11-30T13:57:53.896000Z
1.13584,1.1358700000000002,1120000.0048,1500000.0,2018-11-30T13:57:54.726000Z
1.13583,1.13588,3640000.1049,11060000.4196,2018-11-30T13:57:55.286000Z
1.13583,1.1358700000000002,2890000.1049,1690000.0572,2018-11-30T13:57:56.006000Z
1.13582,1.1358700000000002,10569999.6948,2440000.0572,2018-11-30T13:57:56.544000Z
1.13583,1.13588,1120000.0048,4309999.9428,2018-11-30T13:57:57.482000Z
1.13583,1.1358700000000002,6000000.0,1000000.0,2018-11-30T13:57:57.999000Z
1.13583,1.13586,2809999.9428,1120000.0048,2018-11-30T13:57:58.507000Z
1.13584,1.1358700000000002,1000000.0,2059999.9428,2018-11-30T13:57:59.028000Z
1.13583,1.13588,2059999.9428,4309999.9428,2018-11-30T13:57:59.550000Z
1.13582,1.13585,2700000.0477,2809999.9428,2018-11-30T13:58:00.322000Z
1.13583,1.1358700000000002,1370000.0048,3190000.0572,2018-11-30T13:58:00.634000Z
1.13583,1.13588,3940000.0572,3369999.8856,2018-11-30T13:58:01.183000Z
1.13584,1.13588,1500000.0,4119999.8856,2018-11-30T13:58:01.724000Z
1.13586,1.1358700000000002,1000000.0,1120000.0048,2018-11-30T13:58:03.903000Z
1.13584,1.13588,1500000.0,1370000.0048,2018-11-30T13:58:03.955000Z
1.13583,1.13586,4500000.0,1000000.0,2018-11-30T13:58:04.983000Z
1.13582,1.13586,3369999.8856,1000000.0,2018-11-30T13:58:05.174000Z
1.13583,1.13586,1000000.0,1000000.0,2018-11-30T13:58:05.713000Z
1.13583,1.13586,2440000.0572,1000000.0,2018-11-30T13:58:06.244000Z
1.13584,1.13588,2809999.9428,1120000.0048,2018-11-30T13:58:07.720000Z
1.13585,1.13589,3940000.0572,3369999.8856,2018-11-30T13:58:08.093000Z
1.13586,1.13589,1690000.0572,1000000.0,2018-11-30T13:58:10.202000Z
1.1358700000000002,1.13592,9640000.3433,2619999.8856,2018-11-30T13:58:10.334000Z
1.13589,1.13592,1250000.0,4690000.0572,2018-11-30T13:58:10.386000Z
1.1358700000000002,1.1359100000000002,5059999.9428,1250000.0,2018-11-30T13:58:10.489000Z
1.1358700000000002,1.1359000000000001,5440000.0572,1000000.0,2018-11-30T13:58:11.007000Z
1.1358700000000002,1.1359100000000002,7690000.0572,2769999.9809,2018-11-30T13:58:11.539000Z
1.1358700000000002,1.1359000000000001,5510000.2289,1000000.0,2018-11-30T13:58:12.056000Z
1.13588,1.1359100000000002,3190000.0572,2769999.9809,2018-11-30T13:58:12.583000Z
1.13588,1.1359000000000001,3940000.0572,1000000.0,2018-11-30T13:58:13.117000Z
1.1359100000000002,1.1359299999999999,1250000.0,3519999.9809,2018-11-30T13:58:13.430000Z
1.13594,1.1359700000000001,1000000.0,3900000.0954,2018-11-30T13:58:13.536000Z
1.1359299999999999,1.13596,5250000.0,1000000.0,2018-11-30T13:58:14.071000Z
1.13594,1.13598,1950000.0477,2849999.9046,2018-11-30T13:58:14.228000Z
1.13594,1.1359700000000001,2250000.0,1120000.0048,2018-11-30T13:58:14.834000Z
1.13592,1.13594,1000000.0,1500000.0,2018-11-30T13:58:14.995000Z
1.1359299999999999,1.13596,5059999.9428,1000000.0,2018-11-30T13:58:15.327000Z
1.13594,1.13598,5510000.2289,1000000.0,2018-11-30T13:58:15.380000Z
1.13595,1.13598,1250000.0,1120000.0048,2018-11-30T13:58:15.906000Z
1.13594,1.13599,7389999.8665,3750000.0,2018-11-30T13:58:16.425000Z
1.13594,1.13598,7389999.8665,1000000.0,2018-11-30T13:58:16.938000Z
1.13595,1.13599,2619999.8856,3190000.0572,2018-11-30T13:58:17.635000Z
1.13595,1.1359700000000001,3750000.0,1000000.0,2018-11-30T13:58:18.028000Z
1.13594,1.13598,2440000.0572,1500000.0,2018-11-30T13:58:18.340000Z
1.13594,1.1359700000000001,1389999.9857,1000000.0,2018-11-30T13:58:19.014000Z
1.13594,1.13598,1000000.0,5619999.8856,2018-11-30T13:58:19.567000Z
1.13594,1.1359700000000001,5139999.8665,1000000.0,2018-11-30T13:58:20.094000Z
1.13594,1.13596,5889999.8665,1000000.0,2018-11-30T13:58:20.778000Z
1.1359299999999999,1.13598,8890000.3433,4119999.8856,2018-11-30T13:58:21.309000Z
1.13595,1.13598,2250000.0,1500000.0,2018-11-30T13:58:22.750000Z
1.13598,1.1360000000000001,1000000.0,1500000.0,2018-11-30T13:58:23.030000Z
1.13596,1.1360000000000001,1120000.0048,2619999.8856,2018-11-30T13:58:23.444000Z
1.13596,1.13599,1000000.0,2250000.0,2018-11-30T13:58:23.985000Z
1.13596,1.1360000000000001,1690000.0572,2619999.8856,2018-11-30T13:58:24.522000Z
1.1360000000000001,1.13604,4570000.1717,3369999.8856,2018-11-30T13:58:24.833000Z
1.1360000000000001,1.1360299999999999,3259999.9905,1120000.0048,2018-11-30T13:58:25.356000Z
1.13599,1.1360100000000002,3750000.0,1000000.0,2018-11-30T13:58:26.942000Z
1.13598,1.13602,4309999.9428,1120000.0048,2018-11-30T13:58:27.176000Z
1.13598,1.13602,1690000.0572,2250000.0,2018-11-30T13:58:27.701000Z
1.13599,1.13602,1870000.0048,1500000.0,2018-11-30T13:58:28.241000Z
1.13599,1.1360299999999999,1000000.0,4869999.8856,2018-11-30T13:58:28.809000Z
1.13598,1.1360299999999999,1870000.0048,4309999.9428,2018-11-30T13:58:29.342000Z
1.1359700000000001,1.1360000000000001,1470000.0286,2440000.0572,2018-11-30T13:58:30.065000Z
1.13596,1.13599,2440000.0572,1309999.9428,2018-11-30T13:58:30.170000Z
1.13598,1.13602,1690000.0572,4349999.9046,2018-11-30T13:58:30.432000Z
1.13598,1.1360299999999999,4989999.7711,3220000.0286,2018-11-30T13:58:30.711000Z
1.1359700000000001,1.1360100000000002,2619999.8856,1000000.0,2018-11-30T13:58:31.233000Z
1.13598,1.13602,2509999.9905,1120000.0048,2018-11-30T13:58:32.075000Z
1.13599,1.13602,1000000.0,1500000.0,2018-11-30T13:58:32.618000Z
1.1360000000000001,1.13602,1000000.0,1500000.0,2018-11-30T13:58:33.636000Z
1.13598,1.13602,4010000.2289,1000000.0,2018-11-30T13:58:33.739000Z
1.13598,1.13602,4760000.2289,1000000.0,2018-11-30T13:58:34.254000Z
1.1360000000000001,1.1360299999999999,2700000.0477,3369999.8856,2018-11-30T13:58:37.875000Z
