bid,ask,bid_vol,ask_vol,time
1.16877,1.1688,1200000.0477,2700000.0477,2018-05-31T12:45:00.520000Z
1.16879,1.1688100000000001,1500000.0,1200000.0477,2018-05-31T12:45:00.822000Z
1.16878,1.1688200000000002,1759999.9905,5699999.8093,2018-05-31T12:45:00.926000Z
1.16877,1.1688,4010000.2289,1000000.0,2018-05-31T12:45:01.134000Z
1.16876,1.16878,1200000.0477,1500000.0,2018-05-31T12:45:01.617000Z
1.16873,1.16877,6789999.9619,4570000.1717,2018-05-31T12:45:01.773000Z
1.16875,1.16877,2059999.9428,1000000.0,2018-05-31T12:45:01.931000Z
1.1687400000000001,1.16877,1120000.0048,2319999.9332,2018-05-31T12:45:02.191000Z
1.16873,1.16876,1200000.0477,1200000.0477,2018-05-31T12:45:02.295000Z
1.1687200000000002,1.16875,6840000.1526,1000000.0,2018-05-31T12:45:02.807000Z
1.1687200000000002,1.16876,4570000.1717,1100000.0238,2018-05-31T12:45:03.326000Z
1.1687200000000002,1.16875,4570000.1717,1000000.0,2018-05-31T12:45:03.875000Z
1.16873,1.16875,1100000.0238,1950000.0477,2018-05-31T12:45:04.444000Z
1.16868,1.1687,1500000.0,1000000.0,2018-05-31T12:45:04.838000Z
1.16866,1.16869,1100000.0238,1000000.0,2018-05-31T12:45:05.007000Z
1.16866,1.16868,1000000.0,1000000.0,2018-05-31T12:45:05.593000Z
1.16865,1.1687,5139999.8665,2700000.0477,2018-05-31T12:45:06.114000Z
1.16865,1.16867,12630000.1144,1000000.0,2018-05-31T12:45:06.625000Z
1.1686200000000002,1.16865,1500000.0,4050000.1907,2018-05-31T12:45:06.786000Z
1.1686200000000002,1.16863,1000000.0,1250000.0,2018-05-31T12:45:06.994000Z
1.1686,1.16863,6449999.8093,1000000.0,2018-05-31T12:45:07.047000Z
1.1686,1.1686200000000002,5059999.9428,1000000.0,2018-05-31T12:45:07.889000Z
1.1686,1.16863,4690000.0572,1100000.0238,2018-05-31T12:45:08.430000Z
1.1686,1.1686200000000002,2140000.1049,1200000.0477,2018-05-31T12:45:09.147000Z
1.16859,1.1686,5699999.8093,1500000.0,2018-05-31T12:45:09.205000Z
1.16856,1.16859,2250000.0,1100000.0238,2018-05-31T12:45:09.257000Z
1.16856,1.16858,1200000.0477,1200000.0477,2018-05-31T12:45:09.796000Z
1.1685100000000002,1.16854,1500000.0,1200000.0477,2018-05-31T12:45:10.053000Z
1.1685100000000002,1.1685200000000002,2140000.1049,1000000.0,2018-05-31T12:45:11.107000Z
1.1685,1.1685200000000002,5809999.9428,1200000.0477,2018-05-31T12:45:11.387000Z
1.1685,1.16853,4760000.2289,1000000.0,2018-05-31T12:45:11.440000Z
1.1685100000000002,1.1685200000000002,1690000.0572,1000000.0,2018-05-31T12:45:11.943000Z
1.1685,1.1685200000000002,1570000.0525,1100000.0238,2018-05-31T12:45:12.451000Z
1.16849,1.1685200000000002,7869999.8856,1100000.0238,2018-05-31T12:45:13.667000Z
1.1685,1.1685100000000002,1690000.0572,1100000.0238,2018-05-31T12:45:14.206000Z
1.1685,1.1685200000000002,1190000.0572,1100000.0238,2018-05-31T12:45:14.712000Z
1.16849,1.1685200000000002,4500000.0,1570000.0525,2018-05-31T12:45:15.085000Z
1.16849,1.16853,7500000.0,3069999.9332,2018-05-31T12:45:15.621000Z
1.1685,1.1685200000000002,1000000.0,2700000.0477,2018-05-31T12:45:15.827000Z
1.1685,1.1685200000000002,1250000.0,1200000.0477,2018-05-31T12:45:16.367000Z
1.1685,1.1685100000000002,7010000.2289,1000000.0,2018-05-31T12:45:16.882000Z
1.1685,1.1685200000000002,4309999.9428,1000000.0,2018-05-31T12:45:17.432000Z
1.16849,1.1685100000000002,4539999.9619,2250000.0,2018-05-31T12:45:17.691000Z
1.1685,1.1685200000000002,1250000.0,2319999.9332,2018-05-31T12:45:18.230000Z
1.1684700000000001,1.16849,1000000.0,1870000.0048,2018-05-31T12:45:18.438000Z
1.16844,1.16846,7570000.1717,1000000.0,2018-05-31T12:45:18.741000Z
1.16844,1.16848,7389999.8665,1200000.0477,2018-05-31T12:45:19.001000Z
1.16844,1.16845,1309999.9428,1000000.0,2018-05-31T12:45:19.352000Z
1.16843,1.16845,1000000.0,1570000.0525,2018-05-31T12:45:19.923000Z
1.1684100000000002,1.16844,3640000.1049,1000000.0,2018-05-31T12:45:20.442000Z
1.1684100000000002,1.16844,1759999.9905,1500000.0,2018-05-31T12:45:20.495000Z
1.1684100000000002,1.16843,1120000.0048,1500000.0,2018-05-31T12:45:20.998000Z
1.1684,1.1684200000000002,4949999.8093,1000000.0,2018-05-31T12:45:21.307000Z
1.1684,1.16843,1200000.0477,2619999.8856,2018-05-31T12:45:21.513000Z
1.16839,1.1684100000000002,1950000.0477,1250000.0,2018-05-31T12:45:21.731000Z
1.1683700000000001,1.1684,1450000.0477,1120000.0048,2018-05-31T12:45:21.834000Z
1.16835,1.16838,1950000.0477,1190000.0572,2018-05-31T12:45:22.195000Z
1.16835,1.16836,1100000.0238,1000000.0,2018-05-31T12:45:22.257000Z
1.16834,1.16836,2700000.0477,1000000.0,2018-05-31T12:45:22.809000Z
1.16834,1.16835,1690000.0572,1000000.0,2018-05-31T12:45:23.242000Z
1.1683700000000001,1.1684,4119999.8856,1620000.0048,2018-05-31T12:45:23.346000Z
1.16839,1.1684200000000002,1000000.0,1950000.0477,2018-05-31T12:45:23.504000Z
1.16838,1.1684100000000002,3150000.0954,1000000.0,2018-05-31T12:45:24.016000Z
1.16838,1.1684,1120000.0048,1000000.0,2018-05-31T12:45:24.557000Z
1.16839,1.1684200000000002,3640000.1049,1870000.0048,2018-05-31T12:45:24.664000Z
1.1684100000000002,1.1684200000000002,1000000.0,1000000.0,2018-05-31T12:45:24.833000Z
1.16839,1.1684,1000000.0,1000000.0,2018-05-31T12:45:25.344000Z
1.16838,1.1684,1000000.0,1870000.0048,2018-05-31T12:45:25.858000Z
1.1683700000000001,1.16838,1000000.0,1000000.0,2018-05-31T12:45:26.480000Z
1.16836,1.16839,3069999.9332,1870000.0048,2018-05-31T12:45:27.016000Z
1.1683700000000001,1.16839,1000000.0,3369999.8856,2018-05-31T12:45:27.530000Z
1.16836,1.16838,1000000.0,1559999.9428,2018-05-31T12:45:27.876000Z
1.1683100000000002,1.16833,1120000.0048,2619999.8856,2018-05-31T12:45:28.187000Z
1.1683000000000001,1.1683100000000002,1500000.0,1500000.0,2018-05-31T12:45:28.239000Z
1.16828,1.1683100000000002,1759999.9905,3369999.8856,2018-05-31T12:45:28.291000Z
1.1682700000000001,1.16829,1000000.0,1289999.9619,2018-05-31T12:45:28.581000Z
1.16825,1.16826,1120000.0048,3000000.0,2018-05-31T12:45:29.125000Z
1.1682100000000002,1.16824,5510000.2289,1100000.0238,2018-05-31T12:45:29.547000Z
1.1682299999999999,1.16826,3190000.0572,1100000.0238,2018-05-31T12:45:29.723000Z
1.16818,1.16822,1870000.0048,5699999.8093,2018-05-31T12:45:30.018000Z
1.1682000000000001,1.16822,1000000.0,3069999.9332,2018-05-31T12:45:30.189000Z
1.1682000000000001,1.16822,4570000.1717,1100000.0238,2018-05-31T12:45:30.707000Z
1.1682100000000002,1.16822,1000000.0,1100000.0238,2018-05-31T12:45:31.237000Z
1.16819,1.16822,3940000.0572,1100000.0238,2018-05-31T12:45:31.289000Z
1.16819,1.16822,1100000.0238,2700000.0477,2018-05-31T12:45:31.863000Z
1.1681700000000002,1.1682100000000002,1570000.0525,3450000.0477,2018-05-31T12:45:31.916000Z
1.16818,1.16819,1000000.0,1000000.0,2018-05-31T12:45:32.227000Z
1.16819,1.1682100000000002,2250000.0,3450000.0477,2018-05-31T12:45:32.744000Z
1.1682000000000001,1.1682100000000002,1000000.0,1200000.0477,2018-05-31T12:45:33.927000Z
1.1682000000000001,1.1682299999999999,2509999.9905,1500000.0,2018-05-31T12:45:34.036000Z
1.1682000000000001,1.16822,2809999.9428,1000000.0,2018-05-31T12:45:34.660000Z
1.1682100000000002,1.1682299999999999,3190000.0572,1000000.0,2018-05-31T12:45:35.172000Z
1.16819,1.1682299999999999,8140000.3433,1000000.0,2018-05-31T12:45:36.151000Z
1.16819,1.1682100000000002,3259999.9905,1000000.0,2018-05-31T12:45:36.359000Z
1.16818,1.1682000000000001,3450000.0477,1000000.0,2018-05-31T12:45:36.513000Z
1.16818,1.16819,1200000.0477,1000000.0,2018-05-31T12:45:36.771000Z
1.16816,1.16818,1950000.0477,1250000.0,2018-05-31T12:45:37.032000Z
1.16816,1.16818,1070000.0525,1000000.0,2018-05-31T12:45:37.992000Z
1.16816,1.16819,1200000.0477,1000000.0,2018-05-31T12:45:38.503000Z
1.16816,1.16819,3450000.0477,1100000.0238,2018-05-31T12:45:39.060000Z
1.1681700000000002,1.16818,1000000.0,1000000.0,2018-05-31T12:45:39.623000Z
1.16816,1.16818,1950000.0477,1000000.0,2018-05-31T12:45:40.143000Z
1.1681700000000002,1.16818,1100000.0238,1000000.0,2018-05-31T12:45:40.656000Z
1.1682000000000001,1.16822,1000000.0,4199999.8093,2018-05-31T12:45:40.853000Z
1.16818,1.16822,4420000.0763,3259999.9905,2018-05-31T12:45:41.006000Z
1.1682100000000002,1.1682299999999999,1250000.0,1950000.0477,2018-05-31T12:45:41.160000Z
1.1682100000000002,1.1682299999999999,1759999.9905,1000000.0,2018-05-31T12:45:41.679000Z
1.1682100000000002,1.1682299999999999,3069999.9332,1000000.0,2018-05-31T12:45:42.780000Z
1.16825,1.16826,1000000.0,2319999.9332,2018-05-31T12:45:43.288000Z
1.1682700000000001,1.16828,1000000.0,1009999.9905,2018-05-31T12:45:43.340000Z
1.1682700000000001,1.1683000000000001,1000000.0,2319999.9332,2018-05-31T12:45:43.757000Z
1.16828,1.1683100000000002,1000000.0,4389999.8665,2018-05-31T12:45:44.317000Z
1.16828,1.1683100000000002,1000000.0,4010000.2289,2018-05-31T12:45:44.954000Z
1.1682700000000001,1.16829,2140000.1049,1000000.0,2018-05-31T12:45:45.163000Z
1.16828,1.16829,1000000.0,1000000.0,2018-05-31T12:45:45.830000Z
1.1682700000000001,1.16829,3190000.0572,1000000.0,2018-05-31T12:45:46.351000Z
1.16828,1.1683100000000002,2250000.0,2140000.1049,2018-05-31T12:45:46.684000Z
1.1683000000000001,1.16832,2500000.0,1200000.0477,2018-05-31T12:45:46.901000Z
1.1683100000000002,1.16833,1570000.0525,1100000.0238,2018-05-31T12:45:47.011000Z
1.16829,1.1683100000000002,4199999.8093,1000000.0,2018-05-31T12:45:47.116000Z
1.16828,1.1683000000000001,1000000.0,1000000.0,2018-05-31T12:45:47.302000Z
1.1683000000000001,1.16834,3819999.9332,1570000.0525,2018-05-31T12:45:47.519000Z
1.1683000000000001,1.16833,3069999.9332,1000000.0,2018-05-31T12:45:48.052000Z
1.16828,1.1683100000000002,5139999.8665,1000000.0,2018-05-31T12:45:48.363000Z
1.16828,1.1683000000000001,5699999.8093,1000000.0,2018-05-31T12:45:48.415000Z
1.16828,1.1683100000000002,5320000.1717,1000000.0,2018-05-31T12:45:48.691000Z
1.16828,1.1683000000000001,5320000.1717,1000000.0,2018-05-31T12:45:49.032000Z
1.16832,1.16833,1000000.0,1100000.0238,2018-05-31T12:45:49.973000Z
1.16833,1.16834,1000000.0,2059999.9428,2018-05-31T12:45:50.128000Z
1.1683100000000002,1.16834,3259999.9905,2059999.9428,2018-05-31T12:45:50.488000Z
1.16832,1.16834,1000000.0,2059999.9428,2018-05-31T12:45:51.573000Z
1.1683100000000002,1.16834,2890000.1049,2059999.9428,2018-05-31T12:45:52.141000Z
1.1683100000000002,1.16834,1950000.0477,2059999.9428,2018-05-31T12:45:52.946000Z
1.1683100000000002,1.16834,1389999.9857,2140000.1049,2018-05-31T12:45:53.479000Z
1.1683100000000002,1.16834,1870000.0048,2140000.1049,2018-05-31T12:45:54.045000Z
1.1683100000000002,1.16834,1759999.9905,1120000.0048,2018-05-31T12:45:54.546000Z
1.1683100000000002,1.16834,2700000.0477,2250000.0,2018-05-31T12:45:55.068000Z
1.1683000000000001,1.16832,2319999.9332,1000000.0,2018-05-31T12:45:55.459000Z
1.16828,1.16832,2700000.0477,2509999.9905,2018-05-31T12:45:55.564000Z
1.16828,1.1683100000000002,1000000.0,1759999.9905,2018-05-31T12:45:56.070000Z
1.1682700000000001,1.1683100000000002,4570000.1717,2319999.9332,2018-05-31T12:45:57.340000Z
1.16825,1.1682700000000001,1500000.0,1120000.0048,2018-05-31T12:45:57.771000Z
1.16825,1.16828,1000000.0,5320000.1717,2018-05-31T12:45:58.307000Z
1.16826,1.16828,1000000.0,1950000.0477,2018-05-31T12:45:58.859000Z
1.16826,1.16829,1870000.0048,5699999.8093,2018-05-31T12:45:59.371000Z
1.16826,1.1682700000000001,1120000.0048,1000000.0,2018-05-31T12:45:59.687000Z
1.16826,1.16829,1250000.0,2140000.1049,2018-05-31T12:46:00.210000Z
1.16825,1.16828,1200000.0477,1950000.0477,2018-05-31T12:46:00.474000Z
1.16825,1.16828,1250000.0,1570000.0525,2018-05-31T12:46:01.378000Z
1.1682700000000001,1.1683000000000001,1500000.0,3259999.9905,2018-05-31T12:46:01.791000Z
1.1682700000000001,1.1683100000000002,3190000.0572,3640000.1049,2018-05-31T12:46:01.930000Z
1.16828,1.1683100000000002,1000000.0,3069999.9332,2018-05-31T12:46:02.446000Z
1.1682700000000001,1.1683100000000002,5510000.2289,3069999.9332,2018-05-31T12:46:03.244000Z
1.16828,1.1683100000000002,1500000.0,1570000.0525,2018-05-31T12:46:03.787000Z
1.16828,1.1683000000000001,1000000.0,1000000.0,2018-05-31T12:46:04.314000Z
1.1682700000000001,1.1683000000000001,2700000.0477,1000000.0,2018-05-31T12:46:04.825000Z
1.1682700000000001,1.16829,2319999.9332,1000000.0,2018-05-31T12:46:05.555000Z
1.16828,1.1683100000000002,1000000.0,2700000.0477,2018-05-31T12:46:05.863000Z
1.16828,1.1683100000000002,1500000.0,5699999.8093,2018-05-31T12:46:07.486000Z
1.16826,1.16829,3640000.1049,1500000.0,2018-05-31T12:46:08.196000Z
1.1682700000000001,1.1683000000000001,1000000.0,1200000.0477,2018-05-31T12:46:08.723000Z
1.1682700000000001,1.16829,1500000.0,1500000.0,2018-05-31T12:46:09.302000Z
1.16828,1.16832,1690000.0572,7010000.2289,2018-05-31T12:46:09.559000Z
1.16828,1.1683100000000002,1200000.0477,1200000.0477,2018-05-31T12:46:10.267000Z
1.1682700000000001,1.1683100000000002,2890000.1049,1100000.0238,2018-05-31T12:46:10.786000Z
1.1682700000000001,1.1683000000000001,3640000.1049,1500000.0,2018-05-31T12:46:11.297000Z
1.1682700000000001,1.1683100000000002,1950000.0477,2319999.9332,2018-05-31T12:46:11.834000Z
1.1682700000000001,1.1683100000000002,2319999.9332,2890000.1049,2018-05-31T12:46:12.354000Z
1.1682700000000001,1.16829,1000000.0,1500000.0,2018-05-31T12:46:12.904000Z
1.1682700000000001,1.16829,1000000.0,1309999.9428,2018-05-31T12:46:16.898000Z
1.16825,1.16828,3750000.0,3450000.0477,2018-05-31T12:46:16.952000Z
1.16825,1.16829,3859999.8951,1950000.0477,2018-05-31T12:46:17.110000Z
1.16826,1.16829,2509999.9905,1870000.0048,2018-05-31T12:46:17.226000Z
1.16826,1.16829,5510000.2289,2440000.0572,2018-05-31T12:46:17.751000Z
1.16826,1.16829,3259999.9905,1000000.0,2018-05-31T12:46:18.270000Z
1.16826,1.16829,2509999.9905,1000000.0,2018-05-31T12:46:18.818000Z
1.1682700000000001,1.16829,1000000.0,1100000.0238,2018-05-31T12:46:19.339000Z
1.16826,1.16829,1500000.0,1100000.0238,2018-05-31T12:46:19.888000Z
1.16826,1.16828,2509999.9905,1000000.0,2018-05-31T12:46:20.414000Z
1.16826,1.16829,3640000.1049,1500000.0,2018-05-31T12:46:20.925000Z
1.1682700000000001,1.1683100000000002,5320000.1717,1200000.0477,2018-05-31T12:46:21.241000Z
1.16829,1.1683100000000002,2250000.0,1200000.0477,2018-05-31T12:46:21.345000Z
1.1683100000000002,1.16832,2250000.0,1950000.0477,2018-05-31T12:46:21.736000Z
1.16833,1.16835,2319999.9332,3819999.9332,2018-05-31T12:46:21.842000Z
1.16832,1.16836,6070000.1717,1120000.0048,2018-05-31T12:46:22.346000Z
1.16835,1.1683700000000001,1000000.0,2700000.0477,2018-05-31T12:46:22.551000Z
1.16833,1.16836,1570000.0525,1690000.0572,2018-05-31T12:46:22.756000Z
1.16835,1.16836,1000000.0,1000000.0,2018-05-31T12:46:23.260000Z
1.16833,1.16836,1100000.0238,1120000.0048,2018-05-31T12:46:23.466000Z
1.16833,1.16836,1100000.0238,1389999.9857,2018-05-31T12:46:24.010000Z
1.16833,1.16836,1070000.0525,3069999.9332,2018-05-31T12:46:24.547000Z
1.16833,1.16834,6449999.8093,3000000.0,2018-05-31T12:46:24.754000Z
1.16832,1.16834,1000000.0,1659999.9666,2018-05-31T12:46:24.858000Z
1.16833,1.16834,2250000.0,1250000.0,2018-05-31T12:46:24.911000Z
1.16833,1.16835,2250000.0,1500000.0,2018-05-31T12:46:25.461000Z
1.16832,1.16835,1100000.0238,1000000.0,2018-05-31T12:46:25.772000Z
1.16833,1.16836,1100000.0238,1000000.0,2018-05-31T12:46:26.313000Z
1.16833,1.16835,1000000.0,1500000.0,2018-05-31T12:46:26.841000Z
1.16832,1.16835,1570000.0525,1500000.0,2018-05-31T12:46:27.400000Z
1.16834,1.1683700000000001,3940000.0572,3069999.9332,2018-05-31T12:46:27.569000Z
1.16835,1.16838,3069999.9332,3069999.9332,2018-05-31T12:46:27.674000Z
1.16833,1.16835,3190000.0572,1000000.0,2018-05-31T12:46:27.830000Z
1.16833,1.16835,1250000.0,1009999.9905,2018-05-31T12:46:28.423000Z
1.16832,1.16834,1250000.0,1000000.0,2018-05-31T12:46:29.115000Z
1.16833,1.16835,1309999.9428,1100000.0238,2018-05-31T12:46:29.220000Z
1.16834,1.16835,1000000.0,1000000.0,2018-05-31T12:46:29.832000Z
1.16832,1.16835,2509999.9905,2250000.0,2018-05-31T12:46:30.356000Z
1.16833,1.16835,2440000.0572,1500000.0,2018-05-31T12:46:32.550000Z
1.16833,1.16836,2440000.0572,3450000.0477,2018-05-31T12:46:33.057000Z
1.16835,1.16838,6190000.0572,1500000.0,2018-05-31T12:46:33.340000Z
1.16834,1.16836,1250000.0,3450000.0477,2018-05-31T12:46:33.654000Z
1.16833,1.1683700000000001,2509999.9905,2509999.9905,2018-05-31T12:46:33.809000Z
1.16835,1.16838,3559999.9428,1100000.0238,2018-05-31T12:46:34.246000Z
1.16832,1.16836,3069999.9332,5699999.8093,2018-05-31T12:46:34.590000Z
1.16832,1.16836,7260000.2289,3819999.9332,2018-05-31T12:46:34.907000Z
1.16832,1.16835,7139999.8665,1000000.0,2018-05-31T12:46:35.446000Z
1.16833,1.16836,1120000.0048,1200000.0477,2018-05-31T12:46:36.699000Z
1.16833,1.16836,1389999.9857,1759999.9905,2018-05-31T12:46:37.202000Z
1.16833,1.1683700000000001,3940000.0572,2890000.1049,2018-05-31T12:46:37.809000Z
1.16835,1.1683700000000001,1000000.0,1950000.0477,2018-05-31T12:46:38.123000Z
1.16835,1.16838,1950000.0477,1950000.0477,2018-05-31T12:46:38.177000Z
1.16835,1.1683700000000001,1000000.0,1120000.0048,2018-05-31T12:46:38.750000Z
1.16834,1.16838,1870000.0048,4949999.8093,2018-05-31T12:46:39.298000Z
1.16834,1.1683700000000001,2700000.0477,1070000.0525,2018-05-31T12:46:39.893000Z
1.16834,1.16838,1000000.0,7989999.7711,2018-05-31T12:46:40.518000Z
1.16836,1.16838,1000000.0,1950000.0477,2018-05-31T12:46:40.776000Z
1.16835,1.16839,3819999.9332,1570000.0525,2018-05-31T12:46:41.288000Z
1.16835,1.16839,2890000.1049,2509999.9905,2018-05-31T12:46:42.415000Z
1.16835,1.16838,2890000.1049,1070000.0525,2018-05-31T12:46:42.726000Z
1.16836,1.16838,1000000.0,1200000.0477,2018-05-31T12:46:43.227000Z
1.16836,1.16839,2619999.8856,1009999.9905,2018-05-31T12:46:48.445000Z
1.1683700000000001,1.1684,1500000.0,1200000.0477,2018-05-31T12:46:49.955000Z
1.1684700000000001,1.1685,1000000.0,4949999.8093,2018-05-31T12:46:50.257000Z
1.16848,1.1685100000000002,1000000.0,1950000.0477,2018-05-31T12:46:50.365000Z
1.16848,1.1685100000000002,1570000.0525,1200000.0477,2018-05-31T12:46:51.206000Z
1.1685,1.1685200000000002,1000000.0,2319999.9332,2018-05-31T12:46:51.412000Z
1.16849,1.1685200000000002,1500000.0,1389999.9857,2018-05-31T12:46:51.941000Z
1.16849,1.1685100000000002,1000000.0,1190000.0572,2018-05-31T12:46:52.352000Z
1.16849,1.1685100000000002,1000000.0,2319999.9332,2018-05-31T12:46:52.888000Z
1.16848,1.1685100000000002,1000000.0,1100000.0238,2018-05-31T12:46:53.476000Z
1.16848,1.1685100000000002,1100000.0238,1200000.0477,2018-05-31T12:46:54.081000Z
1.16848,1.1685100000000002,1000000.0,2509999.9905,2018-05-31T12:46:54.704000Z
1.16848,1.1685100000000002,1100000.0238,2700000.0477,2018-05-31T12:46:55.211000Z
1.1684700000000001,1.1685,2250000.0,2319999.9332,2018-05-31T12:46:55.742000Z
1.16844,1.16846,1120000.0048,2140000.1049,2018-05-31T12:46:56.106000Z
1.16843,1.16845,1000000.0,1389999.9857,2018-05-31T12:46:56.624000Z
1.16843,1.16845,2440000.0572,1009999.9905,2018-05-31T12:46:57.139000Z
1.1684200000000002,1.16845,4949999.8093,1389999.9857,2018-05-31T12:46:57.659000Z
1.1684200000000002,1.16845,4199999.8093,1250000.0,2018-05-31T12:46:58.180000Z
1.1684100000000002,1.1684200000000002,1500000.0,3750000.0,2018-05-31T12:46:58.490000Z
1.1684,1.1684200000000002,1500000.0,2509999.9905,2018-05-31T12:46:59.052000Z
1.1684100000000002,1.1684200000000002,1000000.0,1100000.0238,2018-05-31T12:47:00.096000Z
1.1684200000000002,1.16846,1759999.9905,4570000.1717,2018-05-31T12:47:00.311000Z
1.1684200000000002,1.16845,1950000.0477,1320000.0525,2018-05-31T12:47:00.519000Z
1.1684100000000002,1.16845,3450000.0477,1100000.0238,2018-05-31T12:47:01.032000Z
1.16843,1.16845,1000000.0,1100000.0238,2018-05-31T12:47:02.515000Z
1.1684100000000002,1.1684200000000002,1100000.0238,1000000.0,2018-05-31T12:47:02.899000Z
1.1684,1.1684200000000002,1000000.0,1100000.0238,2018-05-31T12:47:04.204000Z
1.16839,1.1684,1000000.0,1500000.0,2018-05-31T12:47:04.715000Z
1.16836,1.16839,8140000.3433,1070000.0525,2018-05-31T12:47:04.871000Z
1.1683700000000001,1.1684,2250000.0,3069999.9332,2018-05-31T12:47:04.975000Z
1.1683700000000001,1.1684,2509999.9905,1100000.0238,2018-05-31T12:47:05.487000Z
1.1683700000000001,1.1684100000000002,6260000.2289,1100000.0238,2018-05-31T12:47:06.091000Z
1.1684100000000002,1.1684200000000002,1000000.0,1570000.0525,2018-05-31T12:47:06.143000Z
1.16839,1.1684100000000002,1100000.0238,1250000.0,2018-05-31T12:47:06.400000Z
1.1683700000000001,1.1684,6820000.1717,1500000.0,2018-05-31T12:47:06.831000Z
1.16839,1.1684,1000000.0,1100000.0238,2018-05-31T12:47:06.937000Z
1.1683700000000001,1.16839,1570000.0525,2809999.9428,2018-05-31T12:47:10.508000Z
1.16836,1.1683700000000001,1200000.0477,1000000.0,2018-05-31T12:47:10.668000Z
1.16836,1.1683700000000001,1000000.0,1500000.0,2018-05-31T12:47:11.172000Z
1.16835,1.16836,1500000.0,1000000.0,2018-05-31T12:47:11.706000Z
1.16835,1.16838,1000000.0,1950000.0477,2018-05-31T12:47:12.344000Z
1.16836,1.16838,1000000.0,1950000.0477,2018-05-31T12:47:12.848000Z
1.16836,1.16839,1500000.0,1200000.0477,2018-05-31T12:47:13.053000Z
1.1683700000000001,1.1684,1100000.0238,1070000.0525,2018-05-31T12:47:13.566000Z
1.16838,1.1684100000000002,1100000.0238,1870000.0048,2018-05-31T12:47:14.162000Z
1.1684,1.1684100000000002,1000000.0,1120000.0048,2018-05-31T12:47:14.451000Z
1.16838,1.1684,2509999.9905,1250000.0,2018-05-31T12:47:14.867000Z
1.1684,1.1684100000000002,1000000.0,1500000.0,2018-05-31T12:47:15.105000Z
1.1684100000000002,1.16843,1120000.0048,1690000.0572,2018-05-31T12:47:15.680000Z
1.1684,1.1684200000000002,2250000.0,1000000.0,2018-05-31T12:47:16.194000Z
1.1684,1.1684100000000002,1000000.0,1100000.0238,2018-05-31T12:47:16.730000Z
1.16839,1.1684100000000002,1570000.0525,1200000.0477,2018-05-31T12:47:17.561000Z
1.1684,1.1684100000000002,8250000.0,1120000.0048,2018-05-31T12:47:18.308000Z
1.1684100000000002,1.16844,1570000.0525,2359999.8951,2018-05-31T12:47:18.563000Z
1.1684100000000002,1.16844,3819999.9332,2849999.9046,2018-05-31T12:47:19.084000Z
1.1684200000000002,1.16845,1000000.0,11550000.1907,2018-05-31T12:47:19.966000Z
1.1684100000000002,1.1684200000000002,1500000.0,1120000.0048,2018-05-31T12:47:20.397000Z
1.16839,1.1684200000000002,5889999.8665,1100000.0238,2018-05-31T12:47:20.929000Z
1.1684100000000002,1.1684200000000002,1000000.0,1570000.0525,2018-05-31T12:47:21.468000Z
1.1684100000000002,1.16843,1000000.0,1100000.0238,2018-05-31T12:47:22.062000Z
1.1684100000000002,1.1684200000000002,1100000.0238,1000000.0,2018-05-31T12:47:22.566000Z
1.1684200000000002,1.16843,1000000.0,1000000.0,2018-05-31T12:47:23.867000Z
1.1684200000000002,1.16844,1000000.0,4119999.8856,2018-05-31T12:47:24.722000Z
1.1684200000000002,1.16843,1000000.0,1000000.0,2018-05-31T12:47:25.441000Z
1.1684100000000002,1.16843,1250000.0,1000000.0,2018-05-31T12:47:26.400000Z
1.1684100000000002,1.16843,1759999.9905,1000000.0,2018-05-31T12:47:27.143000Z
1.1684100000000002,1.16844,1000000.0,2170000.0763,2018-05-31T12:47:27.653000Z
1.1684100000000002,1.16844,2250000.0,4500000.0,2018-05-31T12:47:28.232000Z
1.1684100000000002,1.16844,1000000.0,1500000.0,2018-05-31T12:47:28.750000Z
1.1684200000000002,1.16844,2509999.9905,1500000.0,2018-05-31T12:47:29.143000Z
1.16843,1.16846,4610000.1335,1500000.0,2018-05-31T12:47:29.355000Z
1.16845,1.1684700000000001,3000000.0,3599999.9046,2018-05-31T12:47:29.409000Z
1.16846,1.1684700000000001,1000000.0,1500000.0,2018-05-31T12:47:29.948000Z
1.16845,1.1684700000000001,1500000.0,2059999.9428,2018-05-31T12:47:30.462000Z
1.16845,1.1684700000000001,1100000.0238,1000000.0,2018-05-31T12:47:30.975000Z
1.16845,1.16846,1000000.0,1000000.0,2018-05-31T12:47:31.486000Z
1.16844,1.16846,3859999.8951,1000000.0,2018-05-31T12:47:32.093000Z
1.16845,1.16846,1000000.0,1000000.0,2018-05-31T12:47:32.634000Z
1.16844,1.16846,2920000.0763,1000000.0,2018-05-31T12:47:33.141000Z
1.16844,1.1684700000000001,2549999.9523,1000000.0,2018-05-31T12:47:37.565000Z
1.16845,1.16846,1000000.0,1000000.0,2018-05-31T12:47:38.104000Z
1.16844,1.16846,15300000.1907,1000000.0,2018-05-31T12:47:40.501000Z
1.16845,1.16846,1000000.0,1000000.0,2018-05-31T12:47:41.005000Z
1.16845,1.1684700000000001,1000000.0,1000000.0,2018-05-31T12:47:41.559000Z
1.16846,1.1684700000000001,1000000.0,1000000.0,2018-05-31T12:47:42.683000Z
1.16846,1.16849,1759999.9905,3000000.0,2018-05-31T12:47:42.841000Z
1.16846,1.16848,1200000.0477,2500000.0,2018-05-31T12:47:43.847000Z
1.16845,1.1684700000000001,2319999.9332,2319999.9332,2018-05-31T12:47:43.899000Z
1.16846,1.16848,1000000.0,3819999.9332,2018-05-31T12:47:44.420000Z
1.16843,1.16846,2700000.0477,3000000.0,2018-05-31T12:47:46.037000Z
1.1684200000000002,1.16844,1570000.0525,3819999.9332,2018-05-31T12:47:46.200000Z
1.1684100000000002,1.16844,4570000.1717,1500000.0,2018-05-31T12:47:47.093000Z
1.16843,1.16845,1690000.0572,3000000.0,2018-05-31T12:47:47.570000Z
1.16846,1.16848,3039999.9619,2319999.9332,2018-05-31T12:47:47.831000Z
1.1684700000000001,1.1685,1000000.0,7949999.8093,2018-05-31T12:47:47.935000Z
1.1684700000000001,1.1685,1100000.0238,4949999.8093,2018-05-31T12:47:48.475000Z
1.16845,1.16849,4010000.2289,7760000.2289,2018-05-31T12:47:48.789000Z
1.16845,1.16849,2509999.9905,7949999.8093,2018-05-31T12:47:49.334000Z
1.1684700000000001,1.16849,1100000.0238,1100000.0238,2018-05-31T12:47:49.954000Z
1.16846,1.16848,1570000.0525,1000000.0,2018-05-31T12:47:53.622000Z
1.16845,1.16848,1000000.0,5320000.1717,2018-05-31T12:47:54.097000Z
1.16845,1.16848,6670000.0763,6000000.0,2018-05-31T12:47:54.618000Z
1.1684700000000001,1.16849,1000000.0,1950000.0477,2018-05-31T12:47:54.776000Z
1.16845,1.1684700000000001,2250000.0,1000000.0,2018-05-31T12:47:55.297000Z
1.16844,1.1684700000000001,13420000.0763,1000000.0,2018-05-31T12:47:55.840000Z
1.16845,1.16848,1500000.0,3640000.1049,2018-05-31T12:47:56.392000Z
1.16846,1.16849,2099999.9046,1759999.9905,2018-05-31T12:47:56.498000Z
1.16845,1.1684700000000001,2319999.9332,1000000.0,2018-05-31T12:47:56.605000Z
1.16845,1.16848,1570000.0525,3369999.8856,2018-05-31T12:47:57.140000Z
1.16845,1.1684700000000001,1100000.0238,1000000.0,2018-05-31T12:47:58.041000Z
1.1684700000000001,1.16849,2920000.0763,1120000.0048,2018-05-31T12:47:58.539000Z
1.1684700000000001,1.1685,2920000.0763,1690000.0572,2018-05-31T12:47:59.051000Z
1.1684700000000001,1.16849,2920000.0763,1000000.0,2018-05-31T12:47:59.619000Z
1.1684700000000001,1.1685,3670000.0763,3940000.0572,2018-05-31T12:48:00.241000Z
1.16846,1.16848,1100000.0238,1870000.0048,2018-05-31T12:48:00.753000Z
1.16845,1.1684700000000001,1500000.0,1120000.0048,2018-05-31T12:48:01.256000Z
1.1684700000000001,1.1685,1000000.0,6820000.1717,2018-05-31T12:48:01.617000Z
1.16845,1.16848,5889999.8665,1870000.0048,2018-05-31T12:48:02.283000Z
1.16845,1.1684700000000001,1570000.0525,1690000.0572,2018-05-31T12:48:02.476000Z
1.16845,1.16848,1000000.0,10010000.2289,2018-05-31T12:48:03.316000Z
1.16845,1.1684700000000001,1000000.0,1309999.9428,2018-05-31T12:48:04.343000Z
1.16843,1.16845,2700000.0477,4309999.9428,2018-05-31T12:48:04.763000Z
1.1684100000000002,1.16844,1000000.0,14699999.8093,2018-05-31T12:48:04.869000Z
1.1684100000000002,1.16844,1870000.0048,8699999.8093,2018-05-31T12:48:05.745000Z
1.16843,1.16845,4610000.1335,1000000.0,2018-05-31T12:48:05.826000Z
1.16845,1.16846,1000000.0,1000000.0,2018-05-31T12:48:06.133000Z
1.16846,1.1684700000000001,1000000.0,3369999.8856,2018-05-31T12:48:06.648000Z
1.16844,1.1684700000000001,1100000.0238,3369999.8856,2018-05-31T12:48:06.978000Z
1.16845,1.1684700000000001,1000000.0,5619999.8856,2018-05-31T12:48:07.580000Z
1.16839,1.1684200000000002,3369999.8856,7119999.8856,2018-05-31T12:48:07.634000Z
1.16835,1.1683700000000001,1100000.0238,2809999.9428,2018-05-31T12:48:07.793000Z
1.16835,1.1683700000000001,1100000.0238,2700000.0477,2018-05-31T12:48:08.325000Z
1.16836,1.1683700000000001,1000000.0,1000000.0,2018-05-31T12:48:08.847000Z
1.16838,1.1684,1500000.0,6940000.0572,2018-05-31T12:48:09.058000Z
1.1684,1.1684100000000002,1000000.0,3190000.0572,2018-05-31T12:48:09.163000Z
1.16839,1.1684200000000002,1000000.0,2890000.1049,2018-05-31T12:48:09.684000Z
1.1684200000000002,1.16843,2849999.9046,1500000.0,2018-05-31T12:48:10.133000Z
1.1684,1.16844,3819999.9332,7500000.0,2018-05-31T12:48:10.289000Z
1.1684,1.16843,1570000.0525,3940000.0572,2018-05-31T12:48:10.341000Z
1.16839,1.1684200000000002,1100000.0238,2440000.0572,2018-05-31T12:48:10.846000Z
1.16839,1.1684100000000002,1759999.9905,1250000.0,2018-05-31T12:48:11.554000Z
1.16839,1.1684200000000002,1100000.0238,3369999.8856,2018-05-31T12:48:12.083000Z
1.16839,1.1684,1000000.0,2250000.0,2018-05-31T12:48:12.522000Z
1.16835,1.16838,1200000.0477,4389999.8665,2018-05-31T12:48:12.628000Z
1.16835,1.1683700000000001,1000000.0,1120000.0048,2018-05-31T12:48:13.131000Z
1.16835,1.16838,1000000.0,3069999.9332,2018-05-31T12:48:13.911000Z
1.16835,1.16838,1000000.0,9829999.9237,2018-05-31T12:48:14.424000Z
1.16836,1.1683700000000001,1000000.0,3000000.0,2018-05-31T12:48:14.941000Z
1.16835,1.1683700000000001,1000000.0,4119999.8856,2018-05-31T12:48:15.559000Z
1.16836,1.16838,1000000.0,2890000.1049,2018-05-31T12:48:16.187000Z
1.16838,1.16839,1000000.0,1120000.0048,2018-05-31T12:48:16.445000Z
1.1684,1.1684200000000002,1000000.0,4500000.0,2018-05-31T12:48:16.655000Z
1.1684100000000002,1.16843,3599999.9046,1200000.0477,2018-05-31T12:48:19.214000Z
1.1684200000000002,1.16844,2170000.0763,1009999.9905,2018-05-31T12:48:19.368000Z
1.1684200000000002,1.16845,1419999.9571,6190000.0572,2018-05-31T12:48:19.894000Z
1.1684,1.16843,4500000.0,4760000.2289,2018-05-31T12:48:20.291000Z
1.1684200000000002,1.16843,2250000.0,1870000.0048,2018-05-31T12:48:20.658000Z
1.1684200000000002,1.16845,1350000.0238,1570000.0525,2018-05-31T12:48:20.876000Z
1.16844,1.16845,1000000.0,1000000.0,2018-05-31T12:48:21.111000Z
1.16844,1.16846,1000000.0,4119999.8856,2018-05-31T12:48:21.648000Z
1.16845,1.16846,1000000.0,1120000.0048,2018-05-31T12:48:22.171000Z
1.16845,1.1684700000000001,1100000.0238,1570000.0525,2018-05-31T12:48:22.698000Z
1.16846,1.1684700000000001,1000000.0,1120000.0048,2018-05-31T12:48:23.441000Z
1.16846,1.16848,1000000.0,3369999.8856,2018-05-31T12:48:24.098000Z
1.16845,1.16848,1009999.9905,3069999.9332,2018-05-31T12:48:24.405000Z
1.16846,1.16848,1100000.0238,7949999.8093,2018-05-31T12:48:24.456000Z
1.16846,1.16848,1100000.0238,2319999.9332,2018-05-31T12:48:25.116000Z
1.16846,1.16848,1000000.0,1000000.0,2018-05-31T12:48:25.663000Z
1.16846,1.16849,1100000.0238,1690000.0572,2018-05-31T12:48:26.439000Z
1.16846,1.16849,1950000.0477,1759999.9905,2018-05-31T12:48:26.957000Z
1.1684700000000001,1.1685,1570000.0525,1840000.0334,2018-05-31T12:48:27.540000Z
1.1685200000000002,1.16855,1100000.0238,4989999.7711,2018-05-31T12:48:27.890000Z
1.16853,1.16855,1250000.0,3039999.9619,2018-05-31T12:48:27.942000Z
1.16855,1.16856,1690000.0572,1299999.9523,2018-05-31T12:48:28.303000Z
1.16856,1.16859,1500000.0,2140000.1049,2018-05-31T12:48:28.357000Z
1.16857,1.1686,1950000.0477,2509999.9905,2018-05-31T12:48:28.473000Z
1.16855,1.16857,2890000.1049,1000000.0,2018-05-31T12:48:30.286000Z
1.16853,1.16857,5889999.8665,1200000.0477,2018-05-31T12:48:30.389000Z
1.16858,1.16859,1500000.0,7010000.2289,2018-05-31T12:48:30.703000Z
1.16858,1.1686100000000001,1570000.0525,2319999.9332,2018-05-31T12:48:30.808000Z
1.16857,1.1686100000000001,1570000.0525,2059999.9428,2018-05-31T12:48:33.460000Z
1.16856,1.1686100000000001,8510000.2289,1950000.0477,2018-05-31T12:48:33.984000Z
1.16857,1.1686200000000002,1200000.0477,4760000.2289,2018-05-31T12:48:34.612000Z
1.16857,1.1686200000000002,4389999.8665,5889999.8665,2018-05-31T12:48:35.119000Z
1.16857,1.1686200000000002,4199999.8093,4949999.8093,2018-05-31T12:48:35.693000Z
1.16857,1.1686200000000002,2319999.9332,3450000.0477,2018-05-31T12:48:36.947000Z
1.16857,1.1686200000000002,3259999.9905,3450000.0477,2018-05-31T12:48:37.455000Z
1.16857,1.1686200000000002,2700000.0477,4199999.8093,2018-05-31T12:48:38.868000Z
1.16857,1.1686200000000002,2509999.9905,4389999.8665,2018-05-31T12:48:39.178000Z
1.16857,1.1686200000000002,1950000.0477,4199999.8093,2018-05-31T12:48:40.110000Z
1.16857,1.1686200000000002,3640000.1049,4570000.1717,2018-05-31T12:48:40.625000Z
1.16858,1.1686200000000002,1100000.0238,3450000.0477,2018-05-31T12:48:41.183000Z
1.1686,1.1686200000000002,1000000.0,1100000.0238,2018-05-31T12:48:42.019000Z
1.1686,1.16863,1000000.0,4570000.1717,2018-05-31T12:48:42.569000Z
1.1686100000000001,1.16863,1120000.0048,1070000.0525,2018-05-31T12:48:43.227000Z
1.1686400000000001,1.16868,4389999.8665,3259999.9905,2018-05-31T12:48:43.458000Z
1.16863,1.16867,5360000.1335,1289999.9619,2018-05-31T12:48:44.207000Z
1.1686400000000001,1.16866,1250000.0,2059999.9428,2018-05-31T12:48:44.725000Z
1.16863,1.16866,3259999.9905,2809999.9428,2018-05-31T12:48:45.257000Z
1.1686400000000001,1.16866,1250000.0,2809999.9428,2018-05-31T12:48:45.805000Z
1.16863,1.16866,1759999.9905,3559999.9428,2018-05-31T12:48:46.312000Z
1.1686200000000002,1.16866,4989999.7711,2809999.9428,2018-05-31T12:48:47.388000Z
1.1686100000000001,1.16863,1120000.0048,4539999.9619,2018-05-31T12:48:47.701000Z
1.16857,1.1686100000000001,2509999.9905,3819999.9332,2018-05-31T12:48:47.805000Z
1.16856,1.16859,1200000.0477,1250000.0,2018-05-31T12:48:47.910000Z
1.16856,1.16857,1000000.0,1000000.0,2018-05-31T12:48:48.367000Z
1.1685100000000002,1.16855,2890000.1049,1250000.0,2018-05-31T12:48:48.524000Z
1.1685200000000002,1.16856,1200000.0477,1570000.0525,2018-05-31T12:48:50.174000Z
1.1685200000000002,1.16856,1070000.0525,3069999.9332,2018-05-31T12:48:52.942000Z
1.1685200000000002,1.16856,1200000.0477,3450000.0477,2018-05-31T12:48:53.510000Z
1.1685200000000002,1.16856,2140000.1049,3450000.0477,2018-05-31T12:48:54.021000Z
1.1685100000000002,1.16856,5139999.8665,1570000.0525,2018-05-31T12:48:54.741000Z
1.1685200000000002,1.16856,2140000.1049,3819999.9332,2018-05-31T12:48:55.449000Z
1.1685100000000002,1.16856,5139999.8665,2319999.9332,2018-05-31T12:48:55.983000Z
1.1685200000000002,1.16856,2140000.1049,6070000.1717,2018-05-31T12:48:56.774000Z
1.1685100000000002,1.16853,1200000.0477,3559999.9428,2018-05-31T12:48:56.963000Z
1.16853,1.16855,3299999.9523,5920000.0763,2018-05-31T12:48:57.170000Z
1.16853,1.16857,1100000.0238,3450000.0477,2018-05-31T12:48:57.425000Z
1.16856,1.16858,1000000.0,1950000.0477,2018-05-31T12:48:57.598000Z
1.16858,1.1686100000000001,1000000.0,3450000.0477,2018-05-31T12:48:57.752000Z
1.16858,1.1686,1000000.0,1000000.0,2018-05-31T12:48:58.533000Z
1.16858,1.1686,1000000.0,1070000.0525,2018-05-31T12:48:59.333000Z
1.16858,1.1686,1000000.0,1100000.0238,2018-05-31T12:48:59.907000Z
1.16856,1.16858,1100000.0238,4570000.1717,2018-05-31T12:49:00.219000Z
1.16854,1.16857,2319999.9332,1690000.0572,2018-05-31T12:49:00.542000Z
1.16854,1.16857,1250000.0,1009999.9905,2018-05-31T12:49:01.095000Z
1.16854,1.16857,1500000.0,1759999.9905,2018-05-31T12:49:01.798000Z
1.16853,1.16854,1200000.0477,1500000.0,2018-05-31T12:49:02.717000Z
1.1685100000000002,1.16855,7389999.8665,1000000.0,2018-05-31T12:49:02.821000Z
1.1685200000000002,1.16854,1500000.0,6750000.0,2018-05-31T12:49:03.294000Z
1.16849,1.1685200000000002,2619999.8856,2509999.9905,2018-05-31T12:49:03.402000Z
1.16849,1.1685200000000002,1870000.0048,2509999.9905,2018-05-31T12:49:03.913000Z
1.1685100000000002,1.16854,1000000.0,2619999.8856,2018-05-31T12:49:04.068000Z
1.1685100000000002,1.16854,3819999.9332,1000000.0,2018-05-31T12:49:04.223000Z
1.1685,1.16853,1759999.9905,1690000.0572,2018-05-31T12:49:04.761000Z
1.16849,1.16853,2319999.9332,6639999.8665,2018-05-31T12:49:05.305000Z
1.16849,1.1685200000000002,1100000.0238,1309999.9428,2018-05-31T12:49:06.001000Z
1.16849,1.1685,1250000.0,2529999.9714,2018-05-31T12:49:06.477000Z
1.1684700000000001,1.16849,2319999.9332,1100000.0238,2018-05-31T12:49:06.686000Z
1.16848,1.1685,1000000.0,1100000.0238,2018-05-31T12:49:06.738000Z
1.16849,1.1685100000000002,1000000.0,5889999.8665,2018-05-31T12:49:07.287000Z
1.1684700000000001,1.1685,2319999.9332,1370000.0048,2018-05-31T12:49:07.900000Z
1.1684100000000002,1.16844,2140000.1049,3750000.0,2018-05-31T12:49:08.224000Z
1.16843,1.16844,1500000.0,1500000.0,2018-05-31T12:49:08.276000Z
1.16843,1.16846,1000000.0,3450000.0477,2018-05-31T12:49:08.431000Z
1.16844,1.16846,1500000.0,1870000.0048,2018-05-31T12:49:08.965000Z
1.16844,1.1684700000000001,1070000.0525,2319999.9332,2018-05-31T12:49:10.237000Z
1.1684700000000001,1.16848,1000000.0,1100000.0238,2018-05-31T12:49:12.236000Z
1.16848,1.1685,1200000.0477,1870000.0048,2018-05-31T12:49:12.440000Z
1.16848,1.1685200000000002,2140000.1049,5889999.8665,2018-05-31T12:49:12.966000Z
1.16848,1.1685200000000002,1200000.0477,6409999.8474,2018-05-31T12:49:13.762000Z
1.16848,1.1685200000000002,2740000.0095,3259999.9905,2018-05-31T12:49:17.555000Z
1.16848,1.16853,6489999.7711,10949999.8093,2018-05-31T12:49:18.043000Z
1.16849,1.1685200000000002,1120000.0048,1100000.0238,2018-05-31T12:49:20.909000Z
1.16849,1.16853,5510000.2289,1570000.0525,2018-05-31T12:49:21.512000Z
1.16849,1.1685200000000002,2319999.9332,1759999.9905,2018-05-31T12:49:22.054000Z
1.16849,1.1685200000000002,1309999.9428,1009999.9905,2018-05-31T12:49:22.643000Z
1.1685100000000002,1.1685200000000002,1500000.0,1000000.0,2018-05-31T12:49:23.370000Z
1.1685100000000002,1.16854,1500000.0,2319999.9332,2018-05-31T12:49:23.540000Z
1.1685100000000002,1.16853,2319999.9332,1000000.0,2018-05-31T12:49:24.068000Z
1.1685100000000002,1.16855,2619999.8856,3450000.0477,2018-05-31T12:49:25.526000Z
1.16855,1.16856,1250000.0,1120000.0048,2018-05-31T12:49:25.578000Z
1.16856,1.16858,2890000.1049,1000000.0,2018-05-31T12:49:25.735000Z
1.16855,1.16859,4389999.8665,1950000.0477,2018-05-31T12:49:26.608000Z
1.16854,1.16858,7949999.8093,2319999.9332,2018-05-31T12:49:26.856000Z
1.16854,1.16856,2319999.9332,1000000.0,2018-05-31T12:49:27.380000Z
1.16853,1.16856,2890000.1049,1100000.0238,2018-05-31T12:49:27.928000Z
1.16854,1.16857,3819999.9332,1690000.0572,2018-05-31T12:49:29.881000Z
1.16855,1.16857,1000000.0,1690000.0572,2018-05-31T12:49:30.430000Z
1.16854,1.16856,4389999.8665,1000000.0,2018-05-31T12:49:30.805000Z
1.1685200000000002,1.16855,4760000.2289,1000000.0,2018-05-31T12:49:31.325000Z
1.16853,1.16855,1320000.0525,1250000.0,2018-05-31T12:49:31.832000Z
1.16853,1.16855,1200000.0477,1000000.0,2018-05-31T12:49:32.517000Z
1.16855,1.16856,1690000.0572,1100000.0238,2018-05-31T12:49:32.684000Z
1.16855,1.16858,3259999.9905,5250000.0,2018-05-31T12:49:32.790000Z
1.16855,1.16856,1100000.0238,1000000.0,2018-05-31T12:49:32.844000Z
1.16855,1.16858,2140000.1049,1200000.0477,2018-05-31T12:49:33.361000Z
1.16856,1.16857,1100000.0238,1000000.0,2018-05-31T12:49:33.887000Z
1.16855,1.16857,1759999.9905,1009999.9905,2018-05-31T12:49:34.393000Z
1.16856,1.1686,2890000.1049,6070000.1717,2018-05-31T12:49:34.940000Z
1.16855,1.16856,1009999.9905,1000000.0,2018-05-31T12:49:35.329000Z
1.1685200000000002,1.16855,3819999.9332,1000000.0,2018-05-31T12:49:35.636000Z
1.16856,1.16858,1000000.0,1200000.0477,2018-05-31T12:49:37.142000Z
1.16854,1.16856,1100000.0238,1570000.0525,2018-05-31T12:49:37.656000Z
1.1685200000000002,1.16854,5019999.9809,3190000.0572,2018-05-31T12:49:37.710000Z
1.1685,1.1685200000000002,2170000.0763,3190000.0572,2018-05-31T12:49:37.870000Z
1.16848,1.1685100000000002,2509999.9905,1009999.9905,2018-05-31T12:49:37.973000Z
1.16849,1.1685200000000002,1000000.0,4389999.8665,2018-05-31T12:49:38.714000Z
1.16849,1.1685100000000002,1000000.0,1000000.0,2018-05-31T12:49:39.246000Z
1.16848,1.1685200000000002,1950000.0477,7199999.8093,2018-05-31T12:49:39.768000Z
1.1685,1.16854,2890000.1049,2319999.9332,2018-05-31T12:49:39.950000Z
1.1685,1.1685200000000002,1009999.9905,1000000.0,2018-05-31T12:49:40.105000Z
1.16848,1.1685100000000002,1759999.9905,1000000.0,2018-05-31T12:49:40.627000Z
1.16848,1.1685,1389999.9857,1000000.0,2018-05-31T12:49:41.196000Z
1.16848,1.1685100000000002,1200000.0477,1000000.0,2018-05-31T12:49:41.779000Z
1.16848,1.1685100000000002,1289999.9619,1000000.0,2018-05-31T12:49:42.284000Z
1.16849,1.1685200000000002,1250000.0,2140000.1049,2018-05-31T12:49:43.094000Z
1.16848,1.1685100000000002,13569999.6948,1000000.0,2018-05-31T12:49:43.642000Z
1.16849,1.1685200000000002,1950000.0477,2440000.0572,2018-05-31T12:49:45.177000Z
1.16848,1.1685100000000002,7760000.2289,1250000.0,2018-05-31T12:49:45.699000Z
1.16848,1.1685100000000002,3640000.1049,1000000.0,2018-05-31T12:49:46.233000Z
1.16848,1.1685200000000002,2890000.1049,1000000.0,2018-05-31T12:49:47Z
1.1685100000000002,1.16853,1100000.0238,1250000.0,2018-05-31T12:49:47.345000Z
1.1685100000000002,1.16854,2319999.9332,1690000.0572,2018-05-31T12:49:47.970000Z
1.1685,1.16853,5510000.2289,1250000.0,2018-05-31T12:49:48.474000Z
1.1685,1.16854,6070000.1717,1759999.9905,2018-05-31T12:49:49.077000Z
1.16849,1.1685200000000002,1250000.0,1570000.0525,2018-05-31T12:49:49.387000Z
1.16849,1.1685100000000002,1100000.0238,1100000.0238,2018-05-31T12:49:49.890000Z
1.16848,1.1685200000000002,3640000.1049,1950000.0477,2018-05-31T12:49:50.426000Z
1.16848,1.1685100000000002,3640000.1049,1000000.0,2018-05-31T12:49:51.202000Z
1.1685,1.1685200000000002,4010000.2289,1100000.0238,2018-05-31T12:49:51.515000Z
1.1685,1.16854,7760000.2289,3450000.0477,2018-05-31T12:49:51.723000Z
1.1685200000000002,1.16854,2250000.0,4199999.8093,2018-05-31T12:49:52.132000Z
1.1685100000000002,1.16855,5510000.2289,1570000.0525,2018-05-31T12:49:52.670000Z
1.1685100000000002,1.16855,5699999.8093,1200000.0477,2018-05-31T12:49:53.982000Z
1.1685100000000002,1.16855,2140000.1049,1200000.0477,2018-05-31T12:49:54.086000Z
1.1685100000000002,1.16855,1759999.9905,1200000.0477,2018-05-31T12:49:54.398000Z
1.1685,1.1685200000000002,4010000.2289,1000000.0,2018-05-31T12:49:54.659000Z
1.16848,1.1685100000000002,1570000.0525,1309999.9428,2018-05-31T12:49:54.826000Z
1.16848,1.1685200000000002,3819999.9332,2890000.1049,2018-05-31T12:49:55.347000Z
1.16849,1.16853,3750000.0,2319999.9332,2018-05-31T12:49:55.401000Z
1.16849,1.16853,2390000.1049,1100000.0238,2018-05-31T12:49:55.941000Z
1.16849,1.16853,6639999.8665,1100000.0238,2018-05-31T12:49:56.487000Z
1.16849,1.1685200000000002,1570000.0525,1570000.0525,2018-05-31T12:49:56.846000Z
1.16849,1.1685200000000002,1500000.0,1570000.0525,2018-05-31T12:49:57.581000Z
1.16849,1.16853,12109999.6567,1570000.0525,2018-05-31T12:49:58.095000Z
1.1685200000000002,1.16855,7010000.2289,1950000.0477,2018-05-31T12:49:58.402000Z
1.1685200000000002,1.16855,1200000.0477,1120000.0048,2018-05-31T12:49:58.937000Z
1.1685200000000002,1.16855,3640000.1049,1000000.0,2018-05-31T12:49:59.507000Z
1.1685200000000002,1.16855,2319999.9332,1000000.0,2018-05-31T12:50:00.078000Z
1.1685100000000002,1.16855,3259999.9905,6070000.1717,2018-05-31T12:50:01.279000Z
1.1685100000000002,1.16854,2509999.9905,2319999.9332,2018-05-31T12:50:01.849000Z
1.16853,1.16857,1759999.9905,1950000.0477,2018-05-31T12:50:02.180000Z
1.16853,1.16857,1690000.0572,4760000.2289,2018-05-31T12:50:02.835000Z
1.16853,1.16857,1389999.9857,2509999.9905,2018-05-31T12:50:03.385000Z
1.16853,1.16857,2059999.9428,5510000.2289,2018-05-31T12:50:04.036000Z
1.16855,1.16858,1500000.0,1100000.0238,2018-05-31T12:50:04.496000Z
1.16855,1.16858,7010000.2289,1000000.0,2018-05-31T12:50:05.016000Z
1.16854,1.16856,3259999.9905,1000000.0,2018-05-31T12:50:05.257000Z
1.16855,1.16858,1500000.0,4199999.8093,2018-05-31T12:50:05.424000Z
1.16854,1.16856,3000000.0,1250000.0,2018-05-31T12:50:05.839000Z
1.16853,1.16857,7199999.8093,1100000.0238,2018-05-31T12:50:06.371000Z
1.16855,1.16857,1000000.0,1000000.0,2018-05-31T12:50:06.978000Z
1.16855,1.16858,5510000.2289,1500000.0,2018-05-31T12:50:07.501000Z
1.16858,1.1686100000000001,5889999.8665,1759999.9905,2018-05-31T12:50:07.845000Z
1.1686100000000001,1.1686400000000001,1190000.0572,5320000.1717,2018-05-31T12:50:08.163000Z
1.1686,1.1686200000000002,2140000.1049,1000000.0,2018-05-31T12:50:08.924000Z
1.16859,1.1686,6449999.8093,1000000.0,2018-05-31T12:50:08.978000Z
1.16855,1.16859,3259999.9905,7949999.8093,2018-05-31T12:50:09.182000Z
1.16855,1.16857,3069999.9332,1100000.0238,2018-05-31T12:50:09.700000Z
1.16854,1.16857,3640000.1049,1070000.0525,2018-05-31T12:50:10.240000Z
1.16856,1.16859,1500000.0,2700000.0477,2018-05-31T12:50:10.778000Z
1.16855,1.16858,5510000.2289,1000000.0,2018-05-31T12:50:12.347000Z
1.16855,1.16857,6070000.1717,5500000.0,2018-05-31T12:50:12.964000Z
1.16853,1.16854,1000000.0,1000000.0,2018-05-31T12:50:13.138000Z
1.1685100000000002,1.16854,1500000.0,1419999.9571,2018-05-31T12:50:13.346000Z
1.1685,1.1685100000000002,1000000.0,1500000.0,2018-05-31T12:50:13.512000Z
1.16848,1.1685,2809999.9428,1309999.9428,2018-05-31T12:50:13.772000Z
1.16848,1.1685,1000000.0,8210000.0381,2018-05-31T12:50:14.287000Z
1.1684700000000001,1.1685,2440000.0572,8210000.0381,2018-05-31T12:50:14.788000Z
1.16844,1.16845,3640000.1049,1500000.0,2018-05-31T12:50:14.947000Z
1.16843,1.16845,1120000.0048,3450000.0477,2018-05-31T12:50:15.001000Z
1.1684100000000002,1.1684200000000002,2140000.1049,2099999.9046,2018-05-31T12:50:15.059000Z
1.16839,1.1684100000000002,1500000.0,1120000.0048,2018-05-31T12:50:15.164000Z
1.1684200000000002,1.16843,1000000.0,1570000.0525,2018-05-31T12:50:15.345000Z
1.1684,1.16843,3000000.0,1100000.0238,2018-05-31T12:50:15.449000Z
1.1684200000000002,1.16844,1000000.0,6489999.7711,2018-05-31T12:50:15.603000Z
1.1684200000000002,1.16844,1120000.0048,1570000.0525,2018-05-31T12:50:16.125000Z
1.1684100000000002,1.16845,1389999.9857,3069999.9332,2018-05-31T12:50:16.656000Z
1.1684100000000002,1.16845,1570000.0525,1200000.0477,2018-05-31T12:50:17.182000Z
1.16843,1.16845,1000000.0,1950000.0477,2018-05-31T12:50:17.503000Z
1.16843,1.16845,1120000.0048,1570000.0525,2018-05-31T12:50:18.023000Z
1.1684100000000002,1.1684200000000002,1000000.0,3000000.0,2018-05-31T12:50:18.509000Z
1.16839,1.1684100000000002,3109999.8951,1120000.0048,2018-05-31T12:50:18.564000Z
1.16838,1.1684100000000002,1500000.0,1950000.0477,2018-05-31T12:50:19.439000Z
1.16838,1.1684100000000002,1500000.0,2700000.0477,2018-05-31T12:50:19.543000Z
1.16838,1.1684100000000002,1000000.0,4869999.8856,2018-05-31T12:50:20.085000Z
1.16839,1.1684100000000002,1000000.0,4760000.2289,2018-05-31T12:50:20.749000Z
1.16838,1.1684,1100000.0238,3450000.0477,2018-05-31T12:50:21.263000Z
1.1683700000000001,1.16838,1200000.0477,1000000.0,2018-05-31T12:50:21.471000Z
1.16834,1.16836,1000000.0,6260000.2289,2018-05-31T12:50:21.631000Z
1.16832,1.16834,2250000.0,3250000.0,2018-05-31T12:50:21.823000Z
1.1683000000000001,1.1683100000000002,1000000.0,1389999.9857,2018-05-31T12:50:21.877000Z
1.16828,1.1683100000000002,1500000.0,3259999.9905,2018-05-31T12:50:21.930000Z
1.16829,1.1683100000000002,1000000.0,2890000.1049,2018-05-31T12:50:22.244000Z
1.1683000000000001,1.16832,1000000.0,4570000.1717,2018-05-31T12:50:22.297000Z
1.1683100000000002,1.16832,1000000.0,1570000.0525,2018-05-31T12:50:22.804000Z
1.16829,1.1683100000000002,1000000.0,3000000.0,2018-05-31T12:50:23.063000Z
1.16829,1.16832,1500000.0,6750000.0,2018-05-31T12:50:23.589000Z
1.16829,1.16832,1870000.0048,3819999.9332,2018-05-31T12:50:24.116000Z
1.16829,1.16832,1120000.0048,3819999.9332,2018-05-31T12:50:24.989000Z
1.1683000000000001,1.16832,1000000.0,1200000.0477,2018-05-31T12:50:25.248000Z
1.16828,1.1683100000000002,1500000.0,1200000.0477,2018-05-31T12:50:25.789000Z
1.16828,1.1683100000000002,1120000.0048,1200000.0477,2018-05-31T12:50:26.320000Z
1.16829,1.1683100000000002,1000000.0,1500000.0,2018-05-31T12:50:27.603000Z
1.1683100000000002,1.16832,1500000.0,1500000.0,2018-05-31T12:50:27.917000Z
1.1683000000000001,1.16832,1000000.0,1500000.0,2018-05-31T12:50:28.465000Z
1.1683000000000001,1.16833,1500000.0,3450000.0477,2018-05-31T12:50:29.222000Z
1.16828,1.16832,4869999.8856,1009999.9905,2018-05-31T12:50:29.593000Z
1.1683000000000001,1.16832,1000000.0,2700000.0477,2018-05-31T12:50:30.169000Z
1.16829,1.16832,1690000.0572,2509999.9905,2018-05-31T12:50:30.707000Z
1.16828,1.16832,4010000.2289,1450000.0477,2018-05-31T12:50:31.668000Z
1.1683000000000001,1.16833,1500000.0,3069999.9332,2018-05-31T12:50:32.166000Z
1.16832,1.16834,1000000.0,1570000.0525,2018-05-31T12:50:32.424000Z
1.16832,1.16835,1500000.0,5320000.1717,2018-05-31T12:50:33.704000Z
1.16832,1.16835,1500000.0,6449999.8093,2018-05-31T12:50:34.010000Z
1.16832,1.16835,1500000.0,5320000.1717,2018-05-31T12:50:34.062000Z
1.16832,1.16835,1000000.0,4949999.8093,2018-05-31T12:50:34.525000Z
1.16832,1.16835,1000000.0,3819999.9332,2018-05-31T12:50:34.627000Z
1.16832,1.16834,1000000.0,1570000.0525,2018-05-31T12:50:35.139000Z
1.16832,1.16835,1000000.0,3819999.9332,2018-05-31T12:50:35.800000Z
1.16834,1.16835,1500000.0,3069999.9332,2018-05-31T12:50:35.906000Z
1.16834,1.16836,1500000.0,1200000.0477,2018-05-31T12:50:36.066000Z
1.16835,1.16838,1000000.0,8319999.6948,2018-05-31T12:50:36.579000Z
1.16836,1.16838,1000000.0,6070000.1717,2018-05-31T12:50:37.106000Z
1.16835,1.1683700000000001,1100000.0238,1100000.0238,2018-05-31T12:50:37.626000Z
1.16836,1.16838,1500000.0,1000000.0,2018-05-31T12:50:38.151000Z
1.16834,1.16836,5320000.1717,1120000.0048,2018-05-31T12:50:38.550000Z
1.16832,1.16836,7199999.8093,1950000.0477,2018-05-31T12:50:38.654000Z
1.1683100000000002,1.16834,3259999.9905,1690000.0572,2018-05-31T12:50:39.089000Z
1.16829,1.1683000000000001,1000000.0,1250000.0,2018-05-31T12:50:39.403000Z
1.16829,1.1683100000000002,1000000.0,2619999.8856,2018-05-31T12:50:40.693000Z
1.16828,1.1683100000000002,1309999.9428,2059999.9428,2018-05-31T12:50:41.211000Z
1.1683000000000001,1.1683100000000002,1120000.0048,1009999.9905,2018-05-31T12:50:41.579000Z
1.1683000000000001,1.16833,5699999.8093,1000000.0,2018-05-31T12:50:41.941000Z
1.1683000000000001,1.16834,8739999.7711,1570000.0525,2018-05-31T12:50:42.248000Z
1.1683000000000001,1.16833,3819999.9332,7199999.8093,2018-05-31T12:50:42.689000Z
1.16829,1.16832,1370000.0048,3069999.9332,2018-05-31T12:50:43.257000Z
1.16829,1.16832,1000000.0,7420000.0763,2018-05-31T12:50:45.202000Z
1.16829,1.16832,1269999.9809,4420000.0763,2018-05-31T12:50:45.805000Z
1.16829,1.1683100000000002,1269999.9809,1250000.0,2018-05-31T12:50:46.334000Z
1.1683100000000002,1.16835,2250000.0,6639999.8665,2018-05-31T12:50:46.775000Z
1.1683100000000002,1.16835,2250000.0,5139999.8665,2018-05-31T12:50:46.827000Z
1.16833,1.16836,1500000.0,3640000.1049,2018-05-31T12:50:47.038000Z
1.16833,1.16836,2250000.0,1200000.0477,2018-05-31T12:50:47.540000Z
1.1683100000000002,1.16834,2140000.1049,2700000.0477,2018-05-31T12:50:48.598000Z
1.1683000000000001,1.16832,3000000.0,1870000.0048,2018-05-31T12:50:48.652000Z
1.16832,1.16833,1000000.0,1200000.0477,2018-05-31T12:50:48.758000Z
1.1683000000000001,1.16833,1950000.0477,1120000.0048,2018-05-31T12:50:48.863000Z
1.16832,1.16833,1000000.0,1120000.0048,2018-05-31T12:50:48.916000Z
1.1683000000000001,1.16833,1200000.0477,2809999.9428,2018-05-31T12:50:49.073000Z
1.1683000000000001,1.1683100000000002,1000000.0,1250000.0,2018-05-31T12:50:49.488000Z
1.1683000000000001,1.16832,1000000.0,6750000.0,2018-05-31T12:50:50.127000Z
1.1683000000000001,1.1683100000000002,1000000.0,1000000.0,2018-05-31T12:50:50.673000Z
1.1683000000000001,1.16832,1000000.0,4389999.8665,2018-05-31T12:50:51.220000Z
1.16829,1.16832,1200000.0477,3640000.1049,2018-05-31T12:50:51.838000Z
1.16829,1.1683100000000002,1070000.0525,1000000.0,2018-05-31T12:50:52.460000Z
1.16829,1.1683100000000002,1000000.0,1000000.0,2018-05-31T12:50:53.021000Z
1.16829,1.16832,1269999.9809,3450000.0477,2018-05-31T12:50:53.632000Z
1.16829,1.1683100000000002,1269999.9809,1250000.0,2018-05-31T12:50:54.148000Z
1.1683000000000001,1.1683100000000002,1000000.0,1250000.0,2018-05-31T12:50:55.176000Z
1.1682700000000001,1.16828,1570000.0525,1120000.0048,2018-05-31T12:50:55.643000Z
1.1682299999999999,1.16826,1200000.0477,1870000.0048,2018-05-31T12:50:55.852000Z
1.16824,1.1682700000000001,2769999.9809,3259999.9905,2018-05-31T12:50:56.437000Z
1.1682299999999999,1.16825,1200000.0477,1000000.0,2018-05-31T12:50:56.959000Z
1.1682299999999999,1.16826,2099999.9046,2700000.0477,2018-05-31T12:50:57.501000Z
1.1682299999999999,1.16826,2549999.9523,2319999.9332,2018-05-31T12:50:58.484000Z
1.1682299999999999,1.16826,1350000.0238,3450000.0477,2018-05-31T12:50:59.002000Z
1.16822,1.16824,1000000.0,1690000.0572,2018-05-31T12:50:59.436000Z
1.16819,1.16822,5320000.1717,1120000.0048,2018-05-31T12:50:59.595000Z
1.16819,1.1682000000000001,1570000.0525,1000000.0,2018-05-31T12:51:00.133000Z
1.16819,1.1682100000000002,1000000.0,1120000.0048,2018-05-31T12:51:00.642000Z
1.16819,1.1682000000000001,1000000.0,2250000.0,2018-05-31T12:51:01.265000Z
1.16814,1.16816,2250000.0,1200000.0477,2018-05-31T12:51:01.456000Z
1.16811,1.16813,3069999.9332,2869999.8856,2018-05-31T12:51:01.616000Z
1.16812,1.16815,1500000.0,2509999.9905,2018-05-31T12:51:01.773000Z
1.16814,1.16816,1000000.0,2890000.1049,2018-05-31T12:51:02.085000Z
1.16813,1.16816,1120000.0048,4389999.8665,2018-05-31T12:51:03.022000Z
1.16815,1.1681700000000002,1000000.0,2890000.1049,2018-05-31T12:51:04.013000Z
1.16816,1.16818,1049999.9523,1570000.0525,2018-05-31T12:51:04.539000Z
1.1681700000000002,1.16818,1000000.0,1000000.0,2018-05-31T12:51:05.074000Z
1.1681700000000002,1.16819,1000000.0,1200000.0477,2018-05-31T12:51:05.639000Z
1.1682000000000001,1.1682100000000002,1000000.0,6449999.8093,2018-05-31T12:51:06.404000Z
1.1682100000000002,1.16824,1120000.0048,1759999.9905,2018-05-31T12:51:06.507000Z
1.1682299999999999,1.16825,1000000.0,9449999.8093,2018-05-31T12:51:06.558000Z
1.16822,1.16825,2619999.8856,1870000.0048,2018-05-31T12:51:07.071000Z
1.16825,1.16826,2250000.0,1100000.0238,2018-05-31T12:51:07.408000Z
1.16825,1.1682700000000001,1100000.0238,1250000.0,2018-05-31T12:51:07.513000Z
1.16824,1.1682700000000001,1049999.9523,1759999.9905,2018-05-31T12:51:08.042000Z
1.16824,1.1682700000000001,1799999.9523,3640000.1049,2018-05-31T12:51:08.590000Z
1.16824,1.16826,1299999.9523,1009999.9905,2018-05-31T12:51:09.100000Z
1.1682299999999999,1.16826,2619999.8856,1250000.0,2018-05-31T12:51:09.631000Z
1.1682299999999999,1.16826,1570000.0525,1250000.0,2018-05-31T12:51:10.207000Z
1.16824,1.16826,2250000.0,1100000.0238,2018-05-31T12:51:10.726000Z
1.16825,1.16826,1000000.0,1120000.0048,2018-05-31T12:51:11.890000Z
1.1682299999999999,1.16826,2250000.0,1389999.9857,2018-05-31T12:51:12.838000Z
1.16825,1.1682700000000001,1000000.0,6260000.2289,2018-05-31T12:51:13.386000Z
1.16826,1.16829,1350000.0238,3259999.9905,2018-05-31T12:51:16.161000Z
1.16826,1.16829,1100000.0238,7570000.1717,2018-05-31T12:51:16.424000Z
1.1682700000000001,1.16829,1100000.0238,2140000.1049,2018-05-31T12:51:16.550000Z
1.16826,1.16829,1000000.0,2319999.9332,2018-05-31T12:51:17.069000Z
1.16825,1.16828,1000000.0,5889999.8665,2018-05-31T12:51:17.276000Z
1.16824,1.1682700000000001,1100000.0238,7239999.7711,2018-05-31T12:51:17.812000Z
1.16825,1.16826,1000000.0,1000000.0,2018-05-31T12:51:18.476000Z
1.1682299999999999,1.16826,1570000.0525,2509999.9905,2018-05-31T12:51:19.163000Z
1.16822,1.16826,3450000.0477,3819999.9332,2018-05-31T12:51:19.962000Z
1.1681700000000002,1.1682000000000001,4199999.8093,1389999.9857,2018-05-31T12:51:20.281000Z
1.16819,1.1682000000000001,1000000.0,2140000.1049,2018-05-31T12:51:20.596000Z
1.16819,1.1682100000000002,1000000.0,2509999.9905,2018-05-31T12:51:21.144000Z
1.16815,1.1681700000000002,1000000.0,4199999.8093,2018-05-31T12:51:21.511000Z
1.16815,1.16818,1100000.0238,3640000.1049,2018-05-31T12:51:22.031000Z
1.16815,1.16816,1000000.0,1690000.0572,2018-05-31T12:51:22.580000Z
1.16814,1.16816,1000000.0,2509999.9905,2018-05-31T12:51:23.116000Z
1.16814,1.1681700000000002,1000000.0,4570000.1717,2018-05-31T12:51:24.547000Z
1.16815,1.16818,2250000.0,1009999.9905,2018-05-31T12:51:25.126000Z
1.16814,1.1681700000000002,1100000.0238,5849999.9046,2018-05-31T12:51:25.282000Z
1.16815,1.1681700000000002,1000000.0,2319999.9332,2018-05-31T12:51:26.241000Z
1.16816,1.16819,1000000.0,7949999.8093,2018-05-31T12:51:26.511000Z
1.16815,1.1681700000000002,2319999.9332,1250000.0,2018-05-31T12:51:26.909000Z
1.16814,1.16816,1120000.0048,4010000.2289,2018-05-31T12:51:27.222000Z
1.16814,1.16816,1120000.0048,1759999.9905,2018-05-31T12:51:27.820000Z
1.16815,1.16816,1000000.0,2890000.1049,2018-05-31T12:51:28.466000Z
1.16813,1.16815,1120000.0048,1190000.0572,2018-05-31T12:51:28.822000Z
1.16812,1.16813,1100000.0238,3940000.0572,2018-05-31T12:51:28.875000Z
1.16809,1.16812,2619999.8856,2509999.9905,2018-05-31T12:51:29.214000Z
1.16811,1.16812,1000000.0,2140000.1049,2018-05-31T12:51:29.265000Z
1.16806,1.16808,5469999.7902,4469999.7902,2018-05-31T12:51:30.004000Z
1.16804,1.16806,2250000.0,1250000.0,2018-05-31T12:51:30.160000Z
1.16801,1.16804,1570000.0525,3750000.0,2018-05-31T12:51:30.451000Z
1.1680000000000001,1.16803,9359999.6567,1000000.0,2018-05-31T12:51:30.506000Z
1.16799,1.16801,1000000.0,3000000.0,2018-05-31T12:51:31.005000Z
1.16799,1.16803,4650000.0954,4119999.8856,2018-05-31T12:51:31.547000Z
1.16799,1.16802,1570000.0525,1250000.0,2018-05-31T12:51:32.062000Z
1.16799,1.16803,6449999.8093,2700000.0477,2018-05-31T12:51:32.589000Z
1.1680000000000001,1.16803,2700000.0477,2250000.0,2018-05-31T12:51:34.438000Z
1.16799,1.16803,1200000.0477,6070000.1717,2018-05-31T12:51:34.957000Z
1.16799,1.1680000000000001,3559999.9428,1000000.0,2018-05-31T12:51:35.432000Z
1.16799,1.16803,2140000.1049,7610000.1335,2018-05-31T12:51:35.536000Z
1.1680000000000001,1.16803,1320000.0525,4199999.8093,2018-05-31T12:51:35.640000Z
1.16798,1.16801,6880000.1144,1000000.0,2018-05-31T12:51:36.173000Z
1.16798,1.16801,3109999.8951,1000000.0,2018-05-31T12:51:36.882000Z
1.16799,1.16801,1539999.9619,1690000.0572,2018-05-31T12:51:39.911000Z
1.16798,1.16801,4949999.8093,1500000.0,2018-05-31T12:51:40.421000Z
1.1680000000000001,1.16801,1000000.0,1500000.0,2018-05-31T12:51:41.061000Z
1.16799,1.16801,1120000.0048,1500000.0,2018-05-31T12:51:41.615000Z
1.1680000000000001,1.16801,1000000.0,1500000.0,2018-05-31T12:51:42.131000Z
1.16799,1.16802,1500000.0,4010000.2289,2018-05-31T12:51:42.667000Z
1.1680000000000001,1.16801,1000000.0,1120000.0048,2018-05-31T12:51:43.349000Z
1.16799,1.16801,1000000.0,1870000.0048,2018-05-31T12:51:43.876000Z
1.1680000000000001,1.16803,1100000.0238,2440000.0572,2018-05-31T12:51:44.085000Z
1.16804,1.16806,2690000.0572,5360000.1335,2018-05-31T12:51:44.561000Z
1.16805,1.1680700000000002,3069999.9332,1690000.0572,2018-05-31T12:51:44.700000Z
1.16802,1.1680700000000002,4389999.8665,7010000.2289,2018-05-31T12:51:44.910000Z
1.16802,1.16805,1570000.0525,1120000.0048,2018-05-31T12:51:45.014000Z
1.16802,1.16805,3450000.0477,1100000.0238,2018-05-31T12:51:45.520000Z
1.16802,1.16803,1100000.0238,1000000.0,2018-05-31T12:51:46.029000Z
1.1679700000000002,1.16801,4570000.1717,3640000.1049,2018-05-31T12:51:46.332000Z
1.1679700000000002,1.16801,1200000.0477,4389999.8665,2018-05-31T12:51:47.733000Z
1.1679700000000002,1.16801,1100000.0238,5699999.8093,2018-05-31T12:51:48.236000Z
1.16796,1.16801,4199999.8093,4010000.2289,2018-05-31T12:51:48.442000Z
1.1679700000000002,1.16799,1000000.0,1350000.0238,2018-05-31T12:51:49.066000Z
1.16793,1.1679700000000002,1500000.0,5139999.8665,2018-05-31T12:51:49.381000Z
1.16792,1.16795,4570000.1717,1120000.0048,2018-05-31T12:51:49.912000Z
1.16792,1.16795,2619999.8856,1200000.0477,2018-05-31T12:51:50.415000Z
1.16792,1.16795,1570000.0525,1690000.0572,2018-05-31T12:51:51.005000Z
1.16791,1.16795,1100000.0238,1950000.0477,2018-05-31T12:51:51.518000Z
1.16791,1.16794,1100000.0238,1690000.0572,2018-05-31T12:51:51.639000Z
1.1679000000000002,1.16794,7760000.2289,3259999.9905,2018-05-31T12:51:52.277000Z
1.1679000000000002,1.16794,3819999.9332,5889999.8665,2018-05-31T12:51:52.818000Z
1.16793,1.16795,1000000.0,1950000.0477,2018-05-31T12:51:53.267000Z
1.16791,1.16795,4570000.1717,1200000.0477,2018-05-31T12:51:53.320000Z
1.16793,1.16795,1000000.0,1120000.0048,2018-05-31T12:51:53.738000Z
1.16792,1.16795,1570000.0525,1870000.0048,2018-05-31T12:51:54.247000Z
1.16791,1.16795,4199999.8093,2509999.9905,2018-05-31T12:51:54.787000Z
1.16795,1.1679700000000002,1000000.0,1200000.0477,2018-05-31T12:51:55.759000Z
1.16795,1.16798,1570000.0525,1500000.0,2018-05-31T12:51:56.283000Z
1.16796,1.16799,1000000.0,5360000.1335,2018-05-31T12:51:56.758000Z
1.1679700000000002,1.1680000000000001,2700000.0477,1000000.0,2018-05-31T12:51:56.971000Z
1.16798,1.1680000000000001,1000000.0,2059999.9428,2018-05-31T12:51:58.989000Z
1.16796,1.1680000000000001,3819999.9332,2359999.8951,2018-05-31T12:51:59.549000Z
1.1679700000000002,1.16799,1009999.9905,1389999.9857,2018-05-31T12:52:00.070000Z
1.16796,1.16799,4199999.8093,3410000.0858,2018-05-31T12:52:00.705000Z
1.16799,1.1680000000000001,1000000.0,1120000.0048,2018-05-31T12:52:01.038000Z
1.16798,1.16801,1759999.9905,1120000.0048,2018-05-31T12:52:01.600000Z
1.1680000000000001,1.16803,1120000.0048,5320000.1717,2018-05-31T12:52:02.172000Z
1.1680000000000001,1.16804,5699999.8093,2170000.0763,2018-05-31T12:52:02.343000Z
1.16801,1.16805,1309999.9428,5139999.8665,2018-05-31T12:52:02.859000Z
1.16805,1.16806,2319999.9332,1120000.0048,2018-05-31T12:52:03.418000Z
1.16806,1.16808,1500000.0,1070000.0525,2018-05-31T12:52:03.472000Z
1.1680700000000002,1.16809,1500000.0,1250000.0,2018-05-31T12:52:03.528000Z
1.16809,1.1681000000000001,1000000.0,3819999.9332,2018-05-31T12:52:03.737000Z
1.16811,1.16814,1500000.0,4090000.1526,2018-05-31T12:52:03.846000Z
1.16813,1.1681700000000002,3259999.9905,4989999.7711,2018-05-31T12:52:04.012000Z
1.16811,1.16814,1450000.0477,2440000.0572,2018-05-31T12:52:04.323000Z
1.16809,1.16812,2700000.0477,1450000.0477,2018-05-31T12:52:04.426000Z
1.1681000000000001,1.16812,6070000.1717,1000000.0,2018-05-31T12:52:04.814000Z
1.16812,1.16814,1000000.0,1950000.0477,2018-05-31T12:52:04.866000Z
1.16812,1.16816,2250000.0,3450000.0477,2018-05-31T12:52:05.378000Z
1.16812,1.16816,4760000.2289,3640000.1049,2018-05-31T12:52:05.513000Z
1.16812,1.16816,4760000.2289,1950000.0477,2018-05-31T12:52:06.035000Z
1.16812,1.16816,4389999.8665,3640000.1049,2018-05-31T12:52:06.575000Z
1.16813,1.16816,2059999.9428,1950000.0477,2018-05-31T12:52:07.101000Z
1.16812,1.16814,1500000.0,1299999.9523,2018-05-31T12:52:07.594000Z
1.16811,1.16812,1000000.0,1350000.0238,2018-05-31T12:52:08.114000Z
1.1681000000000001,1.16812,1000000.0,3490000.0095,2018-05-31T12:52:08.218000Z
1.16808,1.16812,1759999.9905,6670000.0763,2018-05-31T12:52:08.270000Z
1.16808,1.16809,1759999.9905,1500000.0,2018-05-31T12:52:09.086000Z
1.16806,1.16808,2890000.1049,1000000.0,2018-05-31T12:52:09.540000Z
1.16805,1.16806,2250000.0,1350000.0238,2018-05-31T12:52:09.646000Z
1.16804,1.16806,1200000.0477,1350000.0238,2018-05-31T12:52:09.699000Z
1.16803,1.16805,1000000.0,3450000.0477,2018-05-31T12:52:10.067000Z
1.16802,1.16805,1950000.0477,7199999.8093,2018-05-31T12:52:10.663000Z
1.16802,1.16804,1120000.0048,3859999.8951,2018-05-31T12:52:12.754000Z
1.16799,1.16801,2440000.0572,1200000.0477,2018-05-31T12:52:13.082000Z
1.16798,1.16799,1870000.0048,1690000.0572,2018-05-31T12:52:13.163000Z
1.16792,1.16795,2809999.9428,1100000.0238,2018-05-31T12:52:13.474000Z
1.16794,1.16795,1000000.0,1100000.0238,2018-05-31T12:52:13.526000Z
1.16792,1.16795,2890000.1049,1000000.0,2018-05-31T12:52:13.828000Z
1.16791,1.16794,3640000.1049,1000000.0,2018-05-31T12:52:14.353000Z
1.16791,1.16793,1200000.0477,1000000.0,2018-05-31T12:52:14.698000Z
1.16792,1.16795,1500000.0,1200000.0477,2018-05-31T12:52:15.172000Z
1.16792,1.16794,1500000.0,2250000.0,2018-05-31T12:52:15.725000Z
1.16792,1.16793,1950000.0477,1000000.0,2018-05-31T12:52:16.277000Z
1.1679000000000002,1.16792,1200000.0477,1500000.0,2018-05-31T12:52:16.502000Z
1.1679000000000002,1.16793,2619999.8856,1570000.0525,2018-05-31T12:52:16.713000Z
1.1679000000000002,1.16794,3000000.0,7010000.2289,2018-05-31T12:52:17.243000Z
1.1679000000000002,1.16793,4869999.8856,1100000.0238,2018-05-31T12:52:17.840000Z
1.1679000000000002,1.16793,6559999.9428,1009999.9905,2018-05-31T12:52:18.589000Z
1.1679000000000002,1.16791,1000000.0,1000000.0,2018-05-31T12:52:18.745000Z
1.16789,1.1679000000000002,1250000.0,1000000.0,2018-05-31T12:52:18.798000Z
1.16789,1.16793,6369999.8856,2319999.9332,2018-05-31T12:52:19.078000Z
1.16791,1.16793,1000000.0,1389999.9857,2018-05-31T12:52:19.773000Z
1.16795,1.16796,1250000.0,1950000.0477,2018-05-31T12:52:20.194000Z
1.16794,1.16798,10760000.2289,1000000.0,2018-05-31T12:52:20.299000Z
1.16795,1.16799,1200000.0477,2319999.9332,2018-05-31T12:52:20.833000Z
1.1679700000000002,1.16799,1000000.0,1570000.0525,2018-05-31T12:52:21.278000Z
1.16793,1.16795,1049999.9523,1000000.0,2018-05-31T12:52:21.595000Z
1.16791,1.16795,4570000.1717,1000000.0,2018-05-31T12:52:21.751000Z
1.16792,1.16795,1070000.0525,1100000.0238,2018-05-31T12:52:22.268000Z
1.16793,1.16796,6829999.9237,1100000.0238,2018-05-31T12:52:22.870000Z
1.16792,1.16796,5139999.8665,2250000.0,2018-05-31T12:52:23.133000Z
1.16791,1.16795,11140000.3433,1250000.0,2018-05-31T12:52:23.668000Z
1.16791,1.16793,5699999.8093,1690000.0572,2018-05-31T12:52:23.830000Z
1.16785,1.1678600000000001,9520000.4578,1500000.0,2018-05-31T12:52:24.172000Z
1.16782,1.16785,1000000.0,6190000.0572,2018-05-31T12:52:24.225000Z
1.16779,1.16781,1000000.0,3190000.0572,2018-05-31T12:52:24.337000Z
1.1677600000000001,1.16779,3819999.9332,1570000.0525,2018-05-31T12:52:24.492000Z
1.16779,1.1678,1000000.0,1950000.0477,2018-05-31T12:52:24.602000Z
1.1677700000000002,1.1678,1120000.0048,1950000.0477,2018-05-31T12:52:25.112000Z
1.16775,1.1678,6260000.2289,3259999.9905,2018-05-31T12:52:25.970000Z
1.16775,1.1678,7570000.1717,3259999.9905,2018-05-31T12:52:26.638000Z
1.16774,1.1677600000000001,22950000.7629,3740000.0095,2018-05-31T12:52:27.246000Z
1.16771,1.16774,1200000.0477,2250000.0,2018-05-31T12:52:27.298000Z
1.1676900000000001,1.16772,6820000.1717,3940000.0572,2018-05-31T12:52:27.720000Z
1.1676700000000002,1.1677,4199999.8093,1559999.9428,2018-05-31T12:52:28.262000Z
1.16765,1.16768,2700000.0477,1000000.0,2018-05-31T12:52:28.482000Z
1.16762,1.16764,1100000.0238,2500000.0,2018-05-31T12:52:28.666000Z
1.1676,1.16761,7119999.8856,1120000.0048,2018-05-31T12:52:28.743000Z
1.1675700000000002,1.16758,1120000.0048,1500000.0,2018-05-31T12:52:28.847000Z
1.1675600000000002,1.16758,1000000.0,1320000.0525,2018-05-31T12:52:29.004000Z
1.1675600000000002,1.1676,1000000.0,1759999.9905,2018-05-31T12:52:29.181000Z
1.16755,1.1675700000000002,2170000.0763,1870000.0048,2018-05-31T12:52:29.234000Z
1.16754,1.16758,5139999.8665,1009999.9905,2018-05-31T12:52:29.390000Z
1.16754,1.1675600000000002,1200000.0477,1000000.0,2018-05-31T12:52:29.753000Z
1.16755,1.1675900000000001,1120000.0048,7929999.8283,2018-05-31T12:52:30.166000Z
1.16753,1.1675700000000002,4349999.9046,1500000.0,2018-05-31T12:52:30.316000Z
1.16755,1.1675700000000002,2170000.0763,1570000.0525,2018-05-31T12:52:30.828000Z
1.16758,1.1675900000000001,1500000.0,1000000.0,2018-05-31T12:52:31.129000Z
1.1675900000000001,1.16762,1870000.0048,3000000.0,2018-05-31T12:52:31.181000Z
1.16758,1.16761,1419999.9571,2700000.0477,2018-05-31T12:52:31.717000Z
1.16754,1.16758,10010000.2289,1100000.0238,2018-05-31T12:52:31.876000Z
1.16754,1.1675900000000001,5510000.2289,3640000.1049,2018-05-31T12:52:32.399000Z
1.1675600000000002,1.1675900000000001,1500000.0,6750000.0,2018-05-31T12:52:33.234000Z
1.16755,1.16758,8319999.6948,1120000.0048,2018-05-31T12:52:33.828000Z
1.16755,1.1675900000000001,1759999.9905,4869999.8856,2018-05-31T12:52:34.143000Z
1.16754,1.16758,4570000.1717,1450000.0477,2018-05-31T12:52:34.249000Z
1.16753,1.16758,4010000.2289,2700000.0477,2018-05-31T12:52:34.758000Z
1.16751,1.16753,1000000.0,1000000.0,2018-05-31T12:52:35.076000Z
1.1675200000000001,1.16754,1000000.0,1500000.0,2018-05-31T12:52:35.579000Z
1.16751,1.16755,2250000.0,2140000.1049,2018-05-31T12:52:36.094000Z
1.16751,1.16755,1570000.0525,2140000.1049,2018-05-31T12:52:36.637000Z
1.1675,1.16754,1570000.0525,3259999.9905,2018-05-31T12:52:37.332000Z
1.1675,1.16753,5019999.9809,1070000.0525,2018-05-31T12:52:37.847000Z
1.1675,1.16754,5769999.9809,4010000.2289,2018-05-31T12:52:38.428000Z
1.1675,1.16754,5019999.9809,1950000.0477,2018-05-31T12:52:38.974000Z
1.1675,1.16754,3450000.0477,2700000.0477,2018-05-31T12:52:39.276000Z
1.16753,1.1675600000000002,1299999.9523,1690000.0572,2018-05-31T12:52:39.751000Z
1.16754,1.16758,1570000.0525,2890000.1049,2018-05-31T12:52:40.262000Z
1.16758,1.16761,3299999.9523,3670000.0763,2018-05-31T12:52:40.421000Z
1.1675900000000001,1.16763,3069999.9332,2509999.9905,2018-05-31T12:52:40.529000Z
1.1675900000000001,1.16763,5320000.1717,2319999.9332,2018-05-31T12:52:41.070000Z
1.1676,1.16763,1200000.0477,3000000.0,2018-05-31T12:52:41.608000Z
1.1676,1.16763,1200000.0477,1100000.0238,2018-05-31T12:52:42.122000Z
1.1676,1.16763,1950000.0477,1000000.0,2018-05-31T12:52:42.762000Z
1.1676,1.16763,1929999.9475,1100000.0238,2018-05-31T12:52:43.803000Z
1.1676,1.16763,1000000.0,2509999.9905,2018-05-31T12:52:45.555000Z
1.1675900000000001,1.16761,6639999.8665,1190000.0572,2018-05-31T12:52:46.019000Z
1.1675700000000002,1.1675900000000001,2170000.0763,2809999.9428,2018-05-31T12:52:46.197000Z
1.16755,1.1675900000000001,1000000.0,4010000.2289,2018-05-31T12:52:46.728000Z
1.16755,1.16758,1500000.0,3299999.9523,2018-05-31T12:52:47.284000Z
1.16755,1.16758,2059999.9428,1009999.9905,2018-05-31T12:52:47.800000Z
1.1675600000000002,1.1675900000000001,1000000.0,6860000.1335,2018-05-31T12:52:48.474000Z
1.16755,1.16758,2150000.0954,1250000.0,2018-05-31T12:52:48.999000Z
1.1675600000000002,1.1675700000000002,1000000.0,3000000.0,2018-05-31T12:52:49.520000Z
1.16753,1.1675700000000002,3519999.9809,1200000.0477,2018-05-31T12:52:49.573000Z
1.16753,1.1675700000000002,1870000.0048,3670000.0763,2018-05-31T12:52:50.395000Z
1.16755,1.16758,1870000.0048,4420000.0763,2018-05-31T12:52:50.683000Z
1.1675600000000002,1.1675900000000001,1500000.0,3640000.1049,2018-05-31T12:52:50.736000Z
1.16755,1.1675900000000001,1950000.0477,2509999.9905,2018-05-31T12:52:51.269000Z
1.16755,1.1675900000000001,1950000.0477,2890000.1049,2018-05-31T12:52:51.813000Z
1.1675600000000002,1.1675900000000001,1000000.0,2140000.1049,2018-05-31T12:52:52.327000Z
1.16755,1.1675900000000001,1950000.0477,5820000.1717,2018-05-31T12:52:54.155000Z
1.1675900000000001,1.1676,8619999.8856,2509999.9905,2018-05-31T12:52:54.261000Z
1.1676600000000001,1.16768,1000000.0,1659999.9666,2018-05-31T12:52:54.420000Z
1.16763,1.1676600000000001,1100000.0238,2440000.0572,2018-05-31T12:52:54.825000Z
1.16761,1.1676600000000001,3640000.1049,6909999.8474,2018-05-31T12:52:55.347000Z
1.16763,1.1676600000000001,1000000.0,5139999.8665,2018-05-31T12:52:56.542000Z
1.16762,1.1676600000000001,3190000.0572,5170000.0763,2018-05-31T12:52:57.144000Z
1.16762,1.1676600000000001,3190000.0572,5920000.0763,2018-05-31T12:52:57.716000Z
1.16762,1.1676600000000001,3190000.0572,5820000.1717,2018-05-31T12:52:58.306000Z
1.16763,1.1676600000000001,1000000.0,11880000.1144,2018-05-31T12:52:58.523000Z
1.16763,1.16765,1000000.0,3369999.8856,2018-05-31T12:52:59.118000Z
1.16764,1.16765,1000000.0,2250000.0,2018-05-31T12:52:59.943000Z
1.1677,1.16771,1000000.0,1100000.0238,2018-05-31T12:53:00.295000Z
1.16772,1.16774,2619999.8856,1070000.0525,2018-05-31T12:53:00.398000Z
1.16773,1.16775,1000000.0,1690000.0572,2018-05-31T12:53:00.552000Z
1.16775,1.1677700000000002,1500000.0,3640000.1049,2018-05-31T12:53:01.196000Z
1.1677600000000001,1.16779,1100000.0238,4500000.0,2018-05-31T12:53:01.257000Z
1.16778,1.1678,1000000.0,2890000.1049,2018-05-31T12:53:01.317000Z
1.16778,1.16781,1570000.0525,2400000.0954,2018-05-31T12:53:01.374000Z
1.1677600000000001,1.16779,2140000.1049,1250000.0,2018-05-31T12:53:01.635000Z
1.16775,1.16778,3819999.9332,1100000.0238,2018-05-31T12:53:01.689000Z
1.1677700000000002,1.16781,1570000.0525,1389999.9857,2018-05-31T12:53:01.847000Z
1.16774,1.16775,1950000.0477,11439999.5804,2018-05-31T12:53:02.324000Z
1.1676900000000001,1.16772,1389999.9857,3940000.0572,2018-05-31T12:53:02.428000Z
1.16768,1.1677,1309999.9428,1000000.0,2018-05-31T12:53:02.481000Z
1.1676700000000002,1.16771,6639999.8665,1289999.9619,2018-05-31T12:53:02.994000Z
1.1676900000000001,1.16773,3369999.8856,5139999.8665,2018-05-31T12:53:03.205000Z
1.16772,1.16775,1500000.0,5289999.9619,2018-05-31T12:53:03.514000Z
1.1677,1.16775,5889999.8665,4239999.7711,2018-05-31T12:53:04.036000Z
1.1677,1.16775,4389999.8665,4050000.1907,2018-05-31T12:53:04.809000Z
1.16772,1.16775,1000000.0,4010000.2289,2018-05-31T12:53:05.040000Z
1.1676900000000001,1.16772,4949999.8093,2549999.9523,2018-05-31T12:53:05.406000Z
1.1676700000000002,1.16771,3640000.1049,3069999.9332,2018-05-31T12:53:05.562000Z
1.1677,1.16772,1000000.0,1200000.0477,2018-05-31T12:53:05.824000Z
1.1677,1.16774,5889999.8665,1200000.0477,2018-05-31T12:53:05.876000Z
1.16771,1.16775,4570000.1717,4199999.8093,2018-05-31T12:53:06.239000Z
1.16771,1.16775,2700000.0477,3450000.0477,2018-05-31T12:53:06.291000Z
1.16771,1.16775,2619999.8856,5170000.0763,2018-05-31T12:53:06.822000Z
1.1676600000000001,1.16768,3450000.0477,1870000.0048,2018-05-31T12:53:07.139000Z
1.16763,1.1676600000000001,1190000.0572,1470000.0286,2018-05-31T12:53:07.193000Z
1.1676,1.16763,1570000.0525,2099999.9046,2018-05-31T12:53:07.395000Z
1.16758,1.16762,2700000.0477,2660000.0858,2018-05-31T12:53:07.512000Z
1.1675900000000001,1.16762,1000000.0,5139999.8665,2018-05-31T12:53:08.043000Z
1.1675700000000002,1.1676,2509999.9905,2509999.9905,2018-05-31T12:53:08.353000Z
1.1675600000000002,1.16761,9069999.6948,3640000.1049,2018-05-31T12:53:08.927000Z
1.1675700000000002,1.16761,1570000.0525,4010000.2289,2018-05-31T12:53:09.462000Z
1.1675600000000002,1.1676,6449999.8093,1009999.9905,2018-05-31T12:53:09.880000Z
1.16758,1.16761,3750000.0,2880000.1144,2018-05-31T12:53:10.349000Z
1.16761,1.16765,3450000.0477,1759999.9905,2018-05-31T12:53:10.682000Z
1.16764,1.16768,2440000.0572,1320000.0525,2018-05-31T12:53:10.894000Z
1.16765,1.16768,1570000.0525,1309999.9428,2018-05-31T12:53:11.436000Z
1.16765,1.16768,1120000.0048,4010000.2289,2018-05-31T12:53:11.969000Z
1.16764,1.1676700000000002,1120000.0048,4239999.7711,2018-05-31T12:53:12.284000Z
1.16764,1.1676600000000001,1120000.0048,1610000.0143,2018-05-31T12:53:12.834000Z
1.16763,1.1676600000000001,2250000.0,1100000.0238,2018-05-31T12:53:13.346000Z
1.1676,1.16762,1500000.0,2059999.9428,2018-05-31T12:53:13.686000Z
1.1675900000000001,1.16762,1500000.0,1009999.9905,2018-05-31T12:53:14.238000Z
1.16758,1.16761,1389999.9857,1309999.9428,2018-05-31T12:53:14.948000Z
1.1675600000000002,1.16758,1000000.0,3640000.1049,2018-05-31T12:53:15.194000Z
1.1675600000000002,1.1675900000000001,1120000.0048,5139999.8665,2018-05-31T12:53:15.870000Z
1.16755,1.1675700000000002,1500000.0,1250000.0,2018-05-31T12:53:15.985000Z
1.16755,1.16758,1000000.0,5320000.1717,2018-05-31T12:53:16.565000Z
1.16753,1.1675700000000002,4760000.2289,4570000.1717,2018-05-31T12:53:16.771000Z
1.16753,1.16755,1500000.0,1250000.0,2018-05-31T12:53:17.301000Z
1.16753,1.1675600000000002,1500000.0,3259999.9905,2018-05-31T12:53:18.550000Z
1.1675200000000001,1.16755,1570000.0525,1250000.0,2018-05-31T12:53:21.197000Z
1.16751,1.16753,1950000.0477,1500000.0,2018-05-31T12:53:21.403000Z
1.1675,1.16753,1950000.0477,1690000.0572,2018-05-31T12:53:21.454000Z
1.16749,1.16753,3640000.1049,3819999.9332,2018-05-31T12:53:21.966000Z
1.16749,1.16751,3259999.9905,1000000.0,2018-05-31T12:53:22.509000Z
1.16751,1.16753,2619999.8856,2319999.9332,2018-05-31T12:53:23.527000Z
1.16758,1.1676,1370000.0048,1000000.0,2018-05-31T12:53:23.641000Z
1.1675700000000002,1.1676,1500000.0,1570000.0525,2018-05-31T12:53:24.090000Z
1.16754,1.1675600000000002,8319999.6948,1000000.0,2018-05-31T12:53:24.509000Z
1.1675200000000001,1.16755,3559999.9428,1000000.0,2018-05-31T12:53:24.568000Z
1.16751,1.16755,2890000.1049,1759999.9905,2018-05-31T12:53:25.091000Z
1.1675200000000001,1.16753,1000000.0,1000000.0,2018-05-31T12:53:25.144000Z
1.1675,1.16753,6449999.8093,1000000.0,2018-05-31T12:53:25.964000Z
1.16751,1.16754,1370000.0048,2140000.1049,2018-05-31T12:53:27.819000Z
1.16751,1.16754,1200000.0477,1500000.0,2018-05-31T12:53:28.345000Z
1.16751,1.1675200000000001,1200000.0477,1000000.0,2018-05-31T12:53:28.798000Z
1.1674600000000002,1.16749,4570000.1717,1000000.0,2018-05-31T12:53:29.064000Z
1.16745,1.1674700000000002,3819999.9332,1000000.0,2018-05-31T12:53:29.540000Z
1.1674200000000001,1.16745,3069999.9332,1000000.0,2018-05-31T12:53:29.849000Z
1.1674700000000002,1.16749,1950000.0477,1000000.0,2018-05-31T12:53:30.168000Z
1.1675,1.16753,3450000.0477,1500000.0,2018-05-31T12:53:30.484000Z
1.1675,1.16754,4570000.1717,2319999.9332,2018-05-31T12:53:30.991000Z
1.1675,1.1675200000000001,3450000.0477,3619999.8856,2018-05-31T12:53:31.044000Z
1.16748,1.16751,1120000.0048,3259999.9905,2018-05-31T12:53:31.149000Z
1.1674700000000002,1.16751,2700000.0477,4570000.1717,2018-05-31T12:53:31.671000Z
1.1674600000000002,1.16751,8319999.6948,2509999.9905,2018-05-31T12:53:32.200000Z
1.1674600000000002,1.16749,3069999.9332,1350000.0238,2018-05-31T12:53:33.060000Z
1.16745,1.1675,1100000.0238,4570000.1717,2018-05-31T12:53:33.164000Z
1.16745,1.1675,3819999.9332,3259999.9905,2018-05-31T12:53:33.743000Z
1.1674600000000002,1.1675,3069999.9332,3259999.9905,2018-05-31T12:53:33.954000Z
1.1674600000000002,1.1675,4199999.8093,3640000.1049,2018-05-31T12:53:34.495000Z
1.16748,1.1675,1000000.0,1570000.0525,2018-05-31T12:53:34.968000Z
1.1674700000000002,1.1675200000000001,2140000.1049,5139999.8665,2018-05-31T12:53:35.574000Z
1.1674700000000002,1.16751,4389999.8665,2440000.0572,2018-05-31T12:53:36.117000Z
1.1674700000000002,1.1675,1950000.0477,1000000.0,2018-05-31T12:53:36.623000Z
1.1674700000000002,1.16751,2319999.9332,4199999.8093,2018-05-31T12:53:37.055000Z
1.16751,1.1675600000000002,2700000.0477,4800000.1907,2018-05-31T12:53:37.315000Z
1.16754,1.1675600000000002,1120000.0048,1950000.0477,2018-05-31T12:53:37.413000Z
1.16754,1.16758,2319999.9332,1759999.9905,2018-05-31T12:53:37.465000Z
1.16753,1.1675600000000002,1200000.0477,1000000.0,2018-05-31T12:53:37.724000Z
1.16755,1.1675700000000002,1000000.0,2250000.0,2018-05-31T12:53:38.062000Z
1.1675600000000002,1.1676,3450000.0477,4389999.8665,2018-05-31T12:53:38.620000Z
1.1675600000000002,1.16761,1570000.0525,6639999.8665,2018-05-31T12:53:39.142000Z
1.1675900000000001,1.1676,1000000.0,2140000.1049,2018-05-31T12:53:39.639000Z
1.16754,1.1675700000000002,6190000.0572,1120000.0048,2018-05-31T12:53:39.747000Z
1.16753,1.1675700000000002,4269999.9809,1200000.0477,2018-05-31T12:53:39.863000Z
1.16753,1.1675700000000002,2509999.9905,1950000.0477,2018-05-31T12:53:40.375000Z
1.16754,1.16758,6070000.1717,1100000.0238,2018-05-31T12:53:41.605000Z
1.1675600000000002,1.1676,1100000.0238,8140000.3433,2018-05-31T12:53:42.120000Z
1.16755,1.16758,1950000.0477,1009999.9905,2018-05-31T12:53:42.719000Z
1.16754,1.1675600000000002,2140000.1049,1000000.0,2018-05-31T12:53:42.825000Z
1.16753,1.16755,2319999.9332,1100000.0238,2018-05-31T12:53:42.880000Z
1.1675,1.16754,5250000.0,1100000.0238,2018-05-31T12:53:42.995000Z
1.16753,1.16755,1000000.0,1320000.0525,2018-05-31T12:53:43.100000Z
1.1674700000000002,1.16749,1950000.0477,1000000.0,2018-05-31T12:53:43.416000Z
1.1674200000000001,1.1674600000000002,1200000.0477,1070000.0525,2018-05-31T12:53:43.738000Z
1.16743,1.1674600000000002,1000000.0,3450000.0477,2018-05-31T12:53:44.265000Z
1.16745,1.1674700000000002,1000000.0,1200000.0477,2018-05-31T12:53:44.524000Z
1.1674600000000002,1.16748,1000000.0,1870000.0048,2018-05-31T12:53:45.036000Z
1.1674600000000002,1.1675,1100000.0238,6639999.8665,2018-05-31T12:53:45.397000Z
1.16745,1.16749,1200000.0477,2700000.0477,2018-05-31T12:53:45.912000Z
1.16745,1.16749,2319999.9332,2140000.1049,2018-05-31T12:53:46.496000Z
1.16745,1.16749,1200000.0477,4760000.2289,2018-05-31T12:53:47.288000Z
1.16745,1.16749,1120000.0048,6070000.1717,2018-05-31T12:53:47.834000Z
1.16744,1.16748,3640000.1049,1389999.9857,2018-05-31T12:53:48.349000Z
1.16743,1.1674700000000002,9449999.8093,1250000.0,2018-05-31T12:53:48.868000Z
1.1674600000000002,1.16749,5320000.1717,1000000.0,2018-05-31T12:53:49.134000Z
1.1674600000000002,1.1675,2319999.9332,2319999.9332,2018-05-31T12:53:49.329000Z
1.1675,1.16751,1000000.0,1000000.0,2018-05-31T12:53:49.794000Z
1.16755,1.1675700000000002,2250000.0,1000000.0,2018-05-31T12:53:50.114000Z
1.1675600000000002,1.1676,1200000.0477,1950000.0477,2018-05-31T12:53:50.321000Z
1.1675700000000002,1.1675900000000001,1950000.0477,1000000.0,2018-05-31T12:53:50.833000Z
1.1675600000000002,1.16758,1200000.0477,1120000.0048,2018-05-31T12:53:51.099000Z
1.16758,1.1676,1000000.0,2140000.1049,2018-05-31T12:53:51.152000Z
1.1676,1.16761,1000000.0,1100000.0238,2018-05-31T12:53:51.665000Z
1.16755,1.1675700000000002,2019999.9809,1120000.0048,2018-05-31T12:53:51.887000Z
1.1675700000000002,1.1676,1000000.0,1389999.9857,2018-05-31T12:53:52.198000Z
1.1675700000000002,1.1676,1570000.0525,2809999.9428,2018-05-31T12:53:52.249000Z
1.1676,1.16763,1000000.0,5139999.8665,2018-05-31T12:53:52.749000Z
1.1675600000000002,1.1675900000000001,2250000.0,4949999.8093,2018-05-31T12:53:52.905000Z
1.1675700000000002,1.1675900000000001,1070000.0525,1000000.0,2018-05-31T12:53:53.205000Z
1.1675700000000002,1.16761,3640000.1049,1690000.0572,2018-05-31T12:53:53.416000Z
1.1675700000000002,1.1676,1950000.0477,1190000.0572,2018-05-31T12:53:53.469000Z
1.16758,1.16761,1120000.0048,1200000.0477,2018-05-31T12:53:53.624000Z
1.16758,1.16761,1000000.0,8319999.6948,2018-05-31T12:53:54.132000Z
1.1675600000000002,1.16761,4199999.8093,7199999.8093,2018-05-31T12:53:54.672000Z
1.1675900000000001,1.16763,1500000.0,2509999.9905,2018-05-31T12:53:54.794000Z
1.1675600000000002,1.1675900000000001,2700000.0477,3000000.0,2018-05-31T12:53:55.054000Z
1.1675600000000002,1.16761,1570000.0525,10949999.8093,2018-05-31T12:53:55.259000Z
1.1675700000000002,1.1676,1570000.0525,1759999.9905,2018-05-31T12:53:55.782000Z
1.1675700000000002,1.1676,3069999.9332,1009999.9905,2018-05-31T12:53:56.548000Z
1.16754,1.16758,6260000.2289,1000000.0,2018-05-31T12:53:56.655000Z
1.16755,1.1675700000000002,1120000.0048,1000000.0,2018-05-31T12:53:57.248000Z
1.16754,1.1675700000000002,1950000.0477,1500000.0,2018-05-31T12:53:57.770000Z
1.16754,1.16758,1200000.0477,1100000.0238,2018-05-31T12:53:58.627000Z
1.1675700000000002,1.1676,1000000.0,1289999.9619,2018-05-31T12:53:58.941000Z
1.16755,1.16758,1000000.0,1100000.0238,2018-05-31T12:53:59.232000Z
1.16754,1.1675700000000002,1200000.0477,1309999.9428,2018-05-31T12:53:59.765000Z
1.16753,1.1675600000000002,1570000.0525,1320000.0525,2018-05-31T12:54:00.105000Z
1.1675200000000001,1.16755,1100000.0238,1250000.0,2018-05-31T12:54:00.258000Z
1.16751,1.1675200000000001,1570000.0525,1000000.0,2018-05-31T12:54:00.418000Z
1.16749,1.16753,1200000.0477,4570000.1717,2018-05-31T12:54:00.625000Z
1.16748,1.1675200000000001,4010000.2289,2700000.0477,2018-05-31T12:54:01.171000Z
1.16748,1.16751,2319999.9332,1370000.0048,2018-05-31T12:54:01.710000Z
1.1674600000000002,1.1675,4199999.8093,1500000.0,2018-05-31T12:54:02.223000Z
1.1675,1.16754,3750000.0,2890000.1049,2018-05-31T12:54:02.600000Z
1.1675200000000001,1.1675600000000002,1100000.0238,3069999.9332,2018-05-31T12:54:02.704000Z
1.16753,1.1675700000000002,1950000.0477,3259999.9905,2018-05-31T12:54:02.808000Z
1.16755,1.1675900000000001,2319999.9332,3640000.1049,2018-05-31T12:54:03.043000Z
1.1675600000000002,1.1675900000000001,1570000.0525,2619999.8856,2018-05-31T12:54:03.558000Z
1.16755,1.16758,1000000.0,1009999.9905,2018-05-31T12:54:03.756000Z
1.16755,1.16758,3069999.9332,1000000.0,2018-05-31T12:54:03.966000Z
1.1675600000000002,1.1675900000000001,1500000.0,1759999.9905,2018-05-31T12:54:04.495000Z
1.1675600000000002,1.16758,1500000.0,1000000.0,2018-05-31T12:54:05.110000Z
1.1675600000000002,1.1675900000000001,1500000.0,1950000.0477,2018-05-31T12:54:05.612000Z
1.1675600000000002,1.16758,1000000.0,1509999.9905,2018-05-31T12:54:05.668000Z
1.16754,1.16758,2700000.0477,1389999.9857,2018-05-31T12:54:05.977000Z
1.16754,1.16758,3259999.9905,1100000.0238,2018-05-31T12:54:06.503000Z
1.16754,1.1675600000000002,1500000.0,1000000.0,2018-05-31T12:54:06.940000Z
1.16753,1.16755,1120000.0048,1000000.0,2018-05-31T12:54:07.453000Z
1.1675200000000001,1.16755,1950000.0477,1200000.0477,2018-05-31T12:54:09.122000Z
1.16751,1.16753,1000000.0,1690000.0572,2018-05-31T12:54:09.442000Z
1.1675,1.16754,1200000.0477,3259999.9905,2018-05-31T12:54:09.587000Z
1.16751,1.16754,1000000.0,3259999.9905,2018-05-31T12:54:10.057000Z
1.1674700000000002,1.16751,1100000.0238,6190000.0572,2018-05-31T12:54:10.388000Z
1.1674700000000002,1.1675,1000000.0,1500000.0,2018-05-31T12:54:10.959000Z
1.1674600000000002,1.1675,1570000.0525,1759999.9905,2018-05-31T12:54:11.484000Z
1.1675,1.1675200000000001,2250000.0,4949999.8093,2018-05-31T12:54:11.737000Z
1.1675200000000001,1.16755,1000000.0,1100000.0238,2018-05-31T12:54:11.842000Z
1.1675600000000002,1.1675900000000001,1500000.0,1759999.9905,2018-05-31T12:54:12.040000Z
1.1675600000000002,1.1675900000000001,2700000.0477,1100000.0238,2018-05-31T12:54:12.554000Z
1.1676,1.16762,2250000.0,1500000.0,2018-05-31T12:54:13.044000Z
1.1675700000000002,1.1675900000000001,3369999.8856,1000000.0,2018-05-31T12:54:13.303000Z
1.16758,1.16761,2619999.8856,1000000.0,2018-05-31T12:54:13.438000Z
1.16761,1.16763,1000000.0,2319999.9332,2018-05-31T12:54:13.952000Z
1.16763,1.1676600000000001,1000000.0,2700000.0477,2018-05-31T12:54:14.252000Z
1.1676600000000001,1.1676700000000002,1000000.0,2890000.1049,2018-05-31T12:54:14.623000Z
1.16764,1.16768,2700000.0477,1389999.9857,2018-05-31T12:54:15.341000Z
1.16761,1.16763,4570000.1717,1500000.0,2018-05-31T12:54:15.866000Z
1.16758,1.16762,3069999.9332,1100000.0238,2018-05-31T12:54:15.970000Z
1.16761,1.16763,5309999.9428,1759999.9905,2018-05-31T12:54:16.022000Z
1.16763,1.16765,1200000.0477,1000000.0,2018-05-31T12:54:16.177000Z
1.1676,1.16762,3450000.0477,1500000.0,2018-05-31T12:54:16.386000Z
1.16758,1.1676,2319999.9332,1190000.0572,2018-05-31T12:54:16.490000Z
1.16755,1.16758,2700000.0477,2619999.8856,2018-05-31T12:54:16.647000Z
1.1675200000000001,1.1675700000000002,3819999.9332,1950000.0477,2018-05-31T12:54:16.930000Z
1.1675200000000001,1.1675600000000002,1570000.0525,2250000.0,2018-05-31T12:54:17.085000Z
1.16751,1.16755,4119999.8856,1690000.0572,2018-05-31T12:54:17.189000Z
1.16751,1.16755,4570000.1717,1440000.0572,2018-05-31T12:54:17.241000Z
1.16751,1.1675600000000002,3069999.9332,4719999.7902,2018-05-31T12:54:17.685000Z
1.1675200000000001,1.16755,1450000.0477,1000000.0,2018-05-31T12:54:17.841000Z
1.16751,1.16755,6070000.1717,1000000.0,2018-05-31T12:54:18.622000Z
1.16751,1.16755,5699999.8093,2809999.9428,2018-05-31T12:54:19.142000Z
1.16751,1.16755,5699999.8093,1100000.0238,2018-05-31T12:54:19.743000Z
1.16751,1.16755,5320000.1717,1000000.0,2018-05-31T12:54:20.266000Z
1.16753,1.16755,1070000.0525,1000000.0,2018-05-31T12:54:20.612000Z
1.1675200000000001,1.16755,3450000.0477,1000000.0,2018-05-31T12:54:21.121000Z
1.16753,1.16754,1100000.0238,1500000.0,2018-05-31T12:54:21.673000Z
1.16751,1.16754,1450000.0477,2509999.9905,2018-05-31T12:54:21.830000Z
1.1675,1.1675200000000001,2319999.9332,3750000.0,2018-05-31T12:54:21.934000Z
1.16749,1.16751,2890000.1049,1100000.0238,2018-05-31T12:54:21.987000Z
1.1675,1.16753,1309999.9428,1570000.0525,2018-05-31T12:54:22.223000Z
1.16749,1.16751,3900000.0954,1000000.0,2018-05-31T12:54:22.537000Z
1.16748,1.1675200000000001,7199999.8093,1419999.9571,2018-05-31T12:54:23.649000Z
1.1675,1.16753,1389999.9857,2440000.0572,2018-05-31T12:54:24.200000Z
1.1675,1.16753,1470000.0286,3190000.0572,2018-05-31T12:54:25.003000Z
1.16751,1.16754,1570000.0525,1000000.0,2018-05-31T12:54:26.142000Z
1.1675,1.16754,4010000.2289,1190000.0572,2018-05-31T12:54:26.673000Z
1.1675,1.1675200000000001,3069999.9332,1000000.0,2018-05-31T12:54:27.590000Z
1.16749,1.1675200000000001,1070000.0525,5320000.1717,2018-05-31T12:54:28.136000Z
1.16749,1.16754,7199999.8093,3259999.9905,2018-05-31T12:54:28.350000Z
1.16751,1.16754,1570000.0525,1000000.0,2018-05-31T12:54:28.870000Z
1.1675,1.16753,5889999.8665,1000000.0,2018-05-31T12:54:29.678000Z
1.1675,1.1675200000000001,3259999.9905,1000000.0,2018-05-31T12:54:29.782000Z
1.16749,1.16753,2140000.1049,3819999.9332,2018-05-31T12:54:30.166000Z
1.16749,1.16753,1470000.0286,2700000.0477,2018-05-31T12:54:30.320000Z
1.16749,1.16753,2140000.1049,1950000.0477,2018-05-31T12:54:30.372000Z
1.1675,1.1675200000000001,1950000.0477,1100000.0238,2018-05-31T12:54:30.943000Z
1.16749,1.16751,4389999.8665,1000000.0,2018-05-31T12:54:31.468000Z
1.1675,1.1675200000000001,2319999.9332,1000000.0,2018-05-31T12:54:32.163000Z
1.1675,1.16753,2319999.9332,1000000.0,2018-05-31T12:54:32.276000Z
1.1675,1.1675200000000001,1950000.0477,3940000.0572,2018-05-31T12:54:32.792000Z
1.16748,1.1675,3150000.0954,1250000.0,2018-05-31T12:54:32.846000Z
1.1674700000000002,1.16749,1070000.0525,1500000.0,2018-05-31T12:54:32.955000Z
1.1674700000000002,1.16749,1950000.0477,1500000.0,2018-05-31T12:54:33.828000Z
1.1674700000000002,1.16749,2319999.9332,1000000.0,2018-05-31T12:54:34.712000Z
1.16745,1.1674700000000002,1450000.0477,1870000.0048,2018-05-31T12:54:35.125000Z
1.16744,1.1674600000000002,1570000.0525,1100000.0238,2018-05-31T12:54:35.335000Z
1.16744,1.1674700000000002,2319999.9332,3369999.8856,2018-05-31T12:54:36.672000Z
1.1674600000000002,1.16748,1389999.9857,1000000.0,2018-05-31T12:54:36.802000Z
1.16745,1.16748,1570000.0525,1000000.0,2018-05-31T12:54:38.690000Z
1.16745,1.1674600000000002,1570000.0525,1000000.0,2018-05-31T12:54:39.002000Z
1.16743,1.1674600000000002,2700000.0477,1000000.0,2018-05-31T12:54:39.317000Z
1.16743,1.1674600000000002,2319999.9332,1570000.0525,2018-05-31T12:54:39.823000Z
1.16743,1.1674600000000002,1950000.0477,2319999.9332,2018-05-31T12:54:40.181000Z
1.1674,1.16743,3450000.0477,2509999.9905,2018-05-31T12:54:40.516000Z
1.16739,1.16741,4570000.1717,1000000.0,2018-05-31T12:54:40.832000Z
1.1674,1.16743,3069999.9332,5289999.9619,2018-05-31T12:54:40.891000Z
1.1674,1.16743,4760000.2289,1690000.0572,2018-05-31T12:54:41.045000Z
1.1674,1.1674200000000001,4989999.7711,1000000.0,2018-05-31T12:54:41.453000Z
1.1674,1.16743,4010000.2289,1250000.0,2018-05-31T12:54:41.715000Z
1.1674,1.16745,5139999.8665,3640000.1049,2018-05-31T12:54:42.257000Z
1.16741,1.16744,2509999.9905,1200000.0477,2018-05-31T12:54:42.775000Z
1.16741,1.16745,4570000.1717,4869999.8856,2018-05-31T12:54:43.981000Z
1.16744,1.16745,1500000.0,2700000.0477,2018-05-31T12:54:44.286000Z
1.1674700000000002,1.16749,1070000.0525,1000000.0,2018-05-31T12:54:44.602000Z
1.1674700000000002,1.1675,1100000.0238,2250000.0,2018-05-31T12:54:44.809000Z
1.16751,1.16753,1309999.9428,1000000.0,2018-05-31T12:54:45.040000Z
1.1675200000000001,1.16754,1320000.0525,1000000.0,2018-05-31T12:54:45.349000Z
1.1675200000000001,1.16754,1009999.9905,1000000.0,2018-05-31T12:54:45.898000Z
1.1675,1.1675200000000001,4760000.2289,1000000.0,2018-05-31T12:54:46.352000Z
1.16751,1.16753,1100000.0238,1120000.0048,2018-05-31T12:54:46.405000Z
1.16751,1.16755,1200000.0477,5699999.8093,2018-05-31T12:54:46.913000Z
1.16751,1.16755,1009999.9905,6449999.8093,2018-05-31T12:54:47.459000Z
1.1675,1.1675200000000001,1570000.0525,1000000.0,2018-05-31T12:54:47.829000Z
1.1675,1.16753,1000000.0,2140000.1049,2018-05-31T12:54:48.588000Z
1.1675,1.16754,1389999.9857,3450000.0477,2018-05-31T12:54:49.139000Z
1.16751,1.16755,2700000.0477,3450000.0477,2018-05-31T12:54:49.787000Z
1.16751,1.16755,2319999.9332,1950000.0477,2018-05-31T12:54:50.293000Z
1.16754,1.1675600000000002,1000000.0,1100000.0238,2018-05-31T12:54:50.735000Z
1.16755,1.16758,1100000.0238,3069999.9332,2018-05-31T12:54:50.890000Z
1.1675600000000002,1.1675900000000001,1100000.0238,1000000.0,2018-05-31T12:54:51.327000Z
1.1675600000000002,1.16758,1570000.0525,1000000.0,2018-05-31T12:54:51.867000Z
1.1675600000000002,1.16758,2140000.1049,1000000.0,2018-05-31T12:54:52.920000Z
1.1675600000000002,1.16758,1389999.9857,1000000.0,2018-05-31T12:54:53.565000Z
1.16753,1.16755,2700000.0477,1000000.0,2018-05-31T12:54:54.037000Z
1.16751,1.16755,2319999.9332,10390000.3433,2018-05-31T12:54:54.340000Z
1.1675200000000001,1.16755,1200000.0477,3000000.0,2018-05-31T12:54:54.862000Z
1.16751,1.16755,3259999.9905,5059999.9428,2018-05-31T12:54:55.376000Z
1.16751,1.16754,1200000.0477,1000000.0,2018-05-31T12:54:56.029000Z
1.16751,1.16753,2140000.1049,1000000.0,2018-05-31T12:54:56.546000Z
1.16751,1.16753,2319999.9332,1120000.0048,2018-05-31T12:54:57.083000Z
1.16751,1.16753,1950000.0477,1120000.0048,2018-05-31T12:54:57.593000Z
1.1675200000000001,1.16753,1120000.0048,1000000.0,2018-05-31T12:54:58.129000Z
1.16753,1.16754,1000000.0,1120000.0048,2018-05-31T12:54:59.252000Z
1.1675200000000001,1.16755,2319999.9332,2019999.9809,2018-05-31T12:54:59.356000Z
1.1675,1.16751,1200000.0477,1000000.0,2018-05-31T12:54:59.564000Z
1.1674700000000002,1.1675,2319999.9332,2059999.9428,2018-05-31T12:54:59.668000Z
1.1674200000000001,1.1674700000000002,4119999.8856,2250000.0,2018-05-31T12:54:59.807000Z
1.1674200000000001,1.16745,1200000.0477,1120000.0048,2018-05-31T12:55:00.476000Z
1.1674200000000001,1.1674600000000002,1570000.0525,1649999.9762,2018-05-31T12:55:01.622000Z
1.1673600000000002,1.16737,4010000.2289,3940000.0572,2018-05-31T12:55:01.939000Z
1.16734,1.16735,7780000.2098,2250000.0,2018-05-31T12:55:01.994000Z
1.1672600000000002,1.1673,1500000.0,6639999.8665,2018-05-31T12:55:02.237000Z
1.16727,1.1672799999999999,1000000.0,1500000.0,2018-05-31T12:55:02.288000Z
1.16724,1.1672600000000002,3640000.1049,1250000.0,2018-05-31T12:55:02.344000Z
1.1672600000000002,1.1672799999999999,1500000.0,2250000.0,2018-05-31T12:55:02.397000Z
1.16729,1.1673,1000000.0,1200000.0477,2018-05-31T12:55:02.750000Z
1.1672799999999999,1.16731,2700000.0477,1000000.0,2018-05-31T12:55:02.903000Z
1.1673,1.16731,1000000.0,1000000.0,2018-05-31T12:55:03.006000Z
1.1673,1.16733,1000000.0,4010000.2289,2018-05-31T12:55:03.109000Z
1.1673,1.16734,1750000.0,2890000.1049,2018-05-31T12:55:03.614000Z
1.16729,1.1673200000000001,3450000.0477,1250000.0,2018-05-31T12:55:03.771000Z
1.1672600000000002,1.1672799999999999,1500000.0,5059999.9428,2018-05-31T12:55:04.098000Z
1.16724,1.1672799999999999,4949999.8093,5889999.8665,2018-05-31T12:55:04.152000Z
1.16724,1.1672799999999999,2319999.9332,1009999.9905,2018-05-31T12:55:04.682000Z
1.1672500000000001,1.16729,1100000.0238,8319999.6948,2018-05-31T12:55:05.183000Z
1.16724,1.16727,1759999.9905,1950000.0477,2018-05-31T12:55:05.731000Z
1.16724,1.1672799999999999,4010000.2289,2319999.9332,2018-05-31T12:55:05.835000Z
1.1672500000000001,1.16729,1200000.0477,5510000.2289,2018-05-31T12:55:06.143000Z
1.1672500000000001,1.16727,1120000.0048,1950000.0477,2018-05-31T12:55:06.491000Z
1.1672500000000001,1.16729,1120000.0048,9000000.0,2018-05-31T12:55:06.542000Z
1.16723,1.1672500000000001,3819999.9332,1500000.0,2018-05-31T12:55:07.060000Z
1.1672,1.16723,2809999.9428,4570000.1717,2018-05-31T12:55:07.196000Z
1.1672200000000001,1.16723,1000000.0,1100000.0238,2018-05-31T12:55:07.247000Z
1.1672200000000001,1.16724,1950000.0477,2890000.1049,2018-05-31T12:55:07.759000Z
1.1672200000000001,1.16724,1500000.0,1950000.0477,2018-05-31T12:55:08.471000Z
1.1672200000000001,1.16724,1950000.0477,1100000.0238,2018-05-31T12:55:09.014000Z
1.16727,1.16731,1570000.0525,6190000.0572,2018-05-31T12:55:09.066000Z
1.1673,1.16731,1000000.0,1690000.0572,2018-05-31T12:55:09.118000Z
1.1673,1.16733,1570000.0525,1250000.0,2018-05-31T12:55:09.170000Z
1.1673,1.1673200000000001,1100000.0238,5889999.8665,2018-05-31T12:55:09.325000Z
1.16733,1.16735,1000000.0,3450000.0477,2018-05-31T12:55:09.673000Z
1.1673,1.16733,4010000.2289,1870000.0048,2018-05-31T12:55:09.882000Z
1.16731,1.16733,1000000.0,1100000.0238,2018-05-31T12:55:10.038000Z
1.1673200000000001,1.16735,1000000.0,4010000.2289,2018-05-31T12:55:10.089000Z
1.1673200000000001,1.16735,1120000.0048,3069999.9332,2018-05-31T12:55:10.688000Z
1.1673200000000001,1.16735,1200000.0477,3819999.9332,2018-05-31T12:55:11.273000Z
1.16731,1.1673200000000001,1500000.0,1000000.0,2018-05-31T12:55:11.841000Z
1.1673200000000001,1.16735,1000000.0,2140000.1049,2018-05-31T12:55:12.017000Z
1.16731,1.16733,1570000.0525,1000000.0,2018-05-31T12:55:12.510000Z
1.16729,1.1673,3750000.0,1870000.0048,2018-05-31T12:55:12.562000Z
1.16727,1.1673,3819999.9332,1009999.9905,2018-05-31T12:55:13.063000Z
1.16727,1.16729,1100000.0238,2890000.1049,2018-05-31T12:55:13.373000Z
1.1672200000000001,1.16724,1500000.0,1120000.0048,2018-05-31T12:55:13.579000Z
1.16721,1.16723,1500000.0,7840000.1526,2018-05-31T12:55:13.890000Z
1.1672,1.16723,1500000.0,10090000.1526,2018-05-31T12:55:13.942000Z
1.16721,1.16724,1000000.0,3640000.1049,2018-05-31T12:55:14.446000Z
1.16721,1.16724,1000000.0,2210000.0381,2018-05-31T12:55:14.498000Z
1.1672200000000001,1.16724,1000000.0,1950000.0477,2018-05-31T12:55:14.810000Z
1.1672200000000001,1.1672500000000001,1120000.0048,4760000.2289,2018-05-31T12:55:15.480000Z
1.16721,1.1672500000000001,1100000.0238,4650000.0954,2018-05-31T12:55:17.190000Z
1.16719,1.1672,1000000.0,1000000.0,2018-05-31T12:55:17.451000Z
1.16719,1.16721,2250000.0,2059999.9428,2018-05-31T12:55:18.172000Z
1.1672,1.16724,4949999.8093,3339999.9142,2018-05-31T12:55:18.711000Z
1.16721,1.16724,2250000.0,1009999.9905,2018-05-31T12:55:19.246000Z
1.16721,1.16724,1870000.0048,1289999.9619,2018-05-31T12:55:19.768000Z
1.16721,1.16724,1200000.0477,1309999.9428,2018-05-31T12:55:20.301000Z
1.1672200000000001,1.16724,1000000.0,1120000.0048,2018-05-31T12:55:20.773000Z
1.1672600000000002,1.1672799999999999,1500000.0,2019999.9809,2018-05-31T12:55:21.247000Z
1.16724,1.1672799999999999,6110000.1335,1460000.0381,2018-05-31T12:55:21.301000Z
1.16727,1.16729,1690000.0572,1100000.0238,2018-05-31T12:55:21.764000Z
1.1672799999999999,1.16731,3450000.0477,1570000.0525,2018-05-31T12:55:21.869000Z
1.1672799999999999,1.1673,1120000.0048,1120000.0048,2018-05-31T12:55:22.386000Z
1.16729,1.16733,4119999.8856,1269999.9809,2018-05-31T12:55:22.733000Z
1.16731,1.16734,1120000.0048,4010000.2289,2018-05-31T12:55:22.787000Z
1.1673,1.1673200000000001,1070000.0525,1000000.0,2018-05-31T12:55:23.154000Z
1.1673200000000001,1.16734,1000000.0,3150000.0954,2018-05-31T12:55:23.410000Z
1.16735,1.16737,1000000.0,1649999.9762,2018-05-31T12:55:23.727000Z
1.16735,1.16737,1000000.0,1250000.0,2018-05-31T12:55:23.835000Z
1.16734,1.16737,1100000.0238,1690000.0572,2018-05-31T12:55:24.386000Z
1.16733,1.1673600000000002,1200000.0477,1000000.0,2018-05-31T12:55:24.932000Z
1.16733,1.16735,1759999.9905,1500000.0,2018-05-31T12:55:25.369000Z
1.16731,1.1673200000000001,1570000.0525,1000000.0,2018-05-31T12:55:25.475000Z
1.1673,1.1673200000000001,1000000.0,1500000.0,2018-05-31T12:55:25.643000Z
1.1673,1.16734,4570000.1717,1100000.0238,2018-05-31T12:55:26.056000Z
1.16731,1.16733,2250000.0,1000000.0,2018-05-31T12:55:26.956000Z
1.1673,1.16731,1000000.0,1000000.0,2018-05-31T12:55:27.115000Z
1.1672799999999999,1.1673,1000000.0,1500000.0,2018-05-31T12:55:27.270000Z
1.1672600000000002,1.1672799999999999,1200000.0477,1250000.0,2018-05-31T12:55:27.700000Z
1.1672500000000001,1.1672600000000002,3069999.9332,1000000.0,2018-05-31T12:55:27.753000Z
1.16723,1.1672600000000002,1000000.0,2890000.1049,2018-05-31T12:55:27.859000Z
1.1672200000000001,1.1672500000000001,1120000.0048,1009999.9905,2018-05-31T12:55:28.364000Z
1.16723,1.16724,1000000.0,1000000.0,2018-05-31T12:55:28.884000Z
1.16721,1.16724,1759999.9905,1000000.0,2018-05-31T12:55:29.465000Z
1.16721,1.16724,5510000.2289,1009999.9905,2018-05-31T12:55:31.543000Z
1.1672,1.16723,3259999.9905,2440000.0572,2018-05-31T12:55:32.170000Z
1.1672,1.16721,2140000.1049,1000000.0,2018-05-31T12:55:32.223000Z
1.1672,1.16723,3750000.0,1100000.0238,2018-05-31T12:55:32.394000Z
1.1672,1.16723,5889999.8665,1000000.0,2018-05-31T12:55:33.010000Z
1.1672200000000001,1.1672500000000001,4119999.8856,1100000.0238,2018-05-31T12:55:33.355000Z
1.16723,1.16727,9560000.4196,2769999.9809,2018-05-31T12:55:33.775000Z
1.16729,1.1673200000000001,6940000.0572,3450000.0477,2018-05-31T12:55:34Z
1.16729,1.16734,6530000.2098,2890000.1049,2018-05-31T12:55:34.154000Z
1.16729,1.16731,2319999.9332,1100000.0238,2018-05-31T12:55:34.362000Z
1.1672799999999999,1.1673,1100000.0238,1570000.0525,2018-05-31T12:55:34.576000Z
1.1672600000000002,1.16729,1200000.0477,1500000.0,2018-05-31T12:55:34.745000Z
1.1672500000000001,1.16729,4010000.2289,1000000.0,2018-05-31T12:55:35.354000Z
1.16727,1.1673,3069999.9332,3450000.0477,2018-05-31T12:55:35.668000Z
1.1673200000000001,1.16734,1100000.0238,3000000.0,2018-05-31T12:55:35.830000Z
1.16733,1.1673600000000002,1000000.0,5559999.9428,2018-05-31T12:55:36.340000Z
1.16734,1.16735,1309999.9428,1000000.0,2018-05-31T12:55:37.085000Z
1.16735,1.16737,1000000.0,6489999.7711,2018-05-31T12:55:37.137000Z
1.1673600000000002,1.16738,1570000.0525,1500000.0,2018-05-31T12:55:37.241000Z
1.16735,1.16739,2140000.1049,4389999.8665,2018-05-31T12:55:38.097000Z
1.1673600000000002,1.16739,1200000.0477,2809999.9428,2018-05-31T12:55:38.672000Z
