bid,ask,bid_vol,ask_vol,time
1.1743299999999999,1.1743700000000001,1120000.0048,6449999.8093,2018-07-31T12:45:00.061000Z
1.1743100000000002,1.1743299999999999,1500000.0,1000000.0,2018-07-31T12:45:00.336000Z
1.17428,1.1743100000000002,1000000.0,1000000.0,2018-07-31T12:45:00.491000Z
1.17426,1.17428,3039999.9619,3250000.0,2018-07-31T12:45:00.543000Z
1.1742299999999999,1.1742700000000001,1200000.0477,5619999.8856,2018-07-31T12:45:00.648000Z
1.17422,1.17426,5699999.8093,2890000.1049,2018-07-31T12:45:00.847000Z
1.17422,1.17426,2619999.8856,2250000.0,2018-07-31T12:45:01.548000Z
1.17419,1.17422,1000000.0,9069999.6948,2018-07-31T12:45:01.857000Z
1.1742100000000002,1.1742299999999999,1000000.0,1000000.0,2018-07-31T12:45:02.195000Z
1.17418,1.17422,3819999.9332,4119999.8856,2018-07-31T12:45:02.450000Z
1.17418,1.17422,1120000.0048,4570000.1717,2018-07-31T12:45:02.975000Z
1.17418,1.17422,1000000.0,7119999.8856,2018-07-31T12:45:03.495000Z
1.17418,1.1742100000000002,2250000.0,1000000.0,2018-07-31T12:45:04.396000Z
1.17419,1.1742299999999999,1500000.0,3069999.9332,2018-07-31T12:45:04.449000Z
1.17418,1.1742100000000002,2920000.0763,1000000.0,2018-07-31T12:45:04.630000Z
1.1741700000000002,1.1742100000000002,5889999.8665,1120000.0048,2018-07-31T12:45:04.682000Z
1.17418,1.1742100000000002,1000000.0,2440000.0572,2018-07-31T12:45:05.201000Z
1.1741700000000002,1.1742100000000002,2250000.0,1500000.0,2018-07-31T12:45:05.702000Z
1.17418,1.17422,1000000.0,4500000.0,2018-07-31T12:45:06.220000Z
1.17418,1.1742100000000002,1500000.0,1000000.0,2018-07-31T12:45:06.724000Z
1.17418,1.17419,1000000.0,1500000.0,2018-07-31T12:45:06.778000Z
1.17414,1.17418,2769999.9809,3450000.0477,2018-07-31T12:45:07.040000Z
1.17414,1.1741700000000002,2509999.9905,1500000.0,2018-07-31T12:45:07.562000Z
1.17416,1.17419,2660000.0858,1250000.0,2018-07-31T12:45:08.664000Z
1.17415,1.17419,4760000.2289,2250000.0,2018-07-31T12:45:09.201000Z
1.17415,1.1741700000000002,2700000.0477,1870000.0048,2018-07-31T12:45:09.622000Z
1.17412,1.17416,3450000.0477,5809999.9428,2018-07-31T12:45:09.676000Z
1.17413,1.17416,1750000.0,1870000.0048,2018-07-31T12:45:09.835000Z
1.17413,1.1741700000000002,1750000.0,6449999.8093,2018-07-31T12:45:10.755000Z
1.17416,1.17418,1120000.0048,3450000.0477,2018-07-31T12:45:11.381000Z
1.17414,1.1741700000000002,2319999.9332,1000000.0,2018-07-31T12:45:11.902000Z
1.17413,1.17418,2099999.9046,8319999.6948,2018-07-31T12:45:12.481000Z
1.17413,1.1741700000000002,4349999.9046,4690000.0572,2018-07-31T12:45:12.993000Z
1.17414,1.17418,3819999.9332,1580000.0429,2018-07-31T12:45:13.947000Z
1.17414,1.17416,1500000.0,1000000.0,2018-07-31T12:45:14.253000Z
1.17413,1.1741700000000002,3000000.0,2630000.1144,2018-07-31T12:45:15.616000Z
1.17413,1.17416,4500000.0,1000000.0,2018-07-31T12:45:16.137000Z
1.17414,1.1741700000000002,1500000.0,1870000.0048,2018-07-31T12:45:17.009000Z
1.17413,1.17416,7539999.9619,1000000.0,2018-07-31T12:45:17.639000Z
1.17415,1.17418,2619999.8856,1879999.9952,2018-07-31T12:45:17.957000Z
1.17414,1.1741700000000002,3750000.0,1500000.0,2018-07-31T12:45:18.505000Z
1.17413,1.1741700000000002,3599999.9046,4309999.9428,2018-07-31T12:45:19.011000Z
1.17413,1.1741700000000002,3599999.9046,5139999.8665,2018-07-31T12:45:19.560000Z
1.17415,1.1741700000000002,2809999.9428,1570000.0525,2018-07-31T12:45:20.157000Z
1.17416,1.17418,1500000.0,1000000.0,2018-07-31T12:45:20.670000Z
1.17415,1.17419,4500000.0,5139999.8665,2018-07-31T12:45:20.778000Z
1.17416,1.1742000000000001,3559999.9428,3819999.9332,2018-07-31T12:45:21.144000Z
1.17415,1.17418,3450000.0477,2809999.9428,2018-07-31T12:45:21.388000Z
1.17414,1.1741700000000002,2619999.8856,1500000.0,2018-07-31T12:45:21.491000Z
1.17414,1.1741700000000002,1120000.0048,8510000.2289,2018-07-31T12:45:22.582000Z
1.17414,1.1741700000000002,1120000.0048,8319999.6948,2018-07-31T12:45:23.114000Z
1.17414,1.1741700000000002,1120000.0048,6070000.1717,2018-07-31T12:45:24.450000Z
1.17414,1.17418,1120000.0048,14140000.3433,2018-07-31T12:45:25.407000Z
1.17414,1.17416,1120000.0048,1000000.0,2018-07-31T12:45:26.024000Z
1.17414,1.1741700000000002,1870000.0048,5320000.1717,2018-07-31T12:45:26.570000Z
1.17414,1.1741700000000002,1120000.0048,3640000.1049,2018-07-31T12:45:27.271000Z
1.17414,1.1741700000000002,1500000.0,4570000.1717,2018-07-31T12:45:27.814000Z
1.17414,1.1741700000000002,1500000.0,6639999.8665,2018-07-31T12:45:28.936000Z
1.17414,1.1741700000000002,1000000.0,2509999.9905,2018-07-31T12:45:29.745000Z
1.17414,1.1741700000000002,1120000.0048,4199999.8093,2018-07-31T12:45:30.394000Z
1.17414,1.1741700000000002,1950000.0477,3940000.0572,2018-07-31T12:45:31.045000Z
1.17414,1.17418,1950000.0477,8619999.8856,2018-07-31T12:45:31.630000Z
1.17414,1.1741700000000002,4199999.8093,4500000.0,2018-07-31T12:45:32.260000Z
1.1741700000000002,1.1742100000000002,5619999.8856,3450000.0477,2018-07-31T12:45:32.736000Z
1.17418,1.1742100000000002,3450000.0477,1000000.0,2018-07-31T12:45:32.788000Z
1.1742000000000001,1.17422,5360000.1335,1500000.0,2018-07-31T12:45:33.125000Z
1.1742100000000002,1.17424,1100000.0238,1000000.0,2018-07-31T12:45:33.229000Z
1.1742000000000001,1.17422,1570000.0525,1500000.0,2018-07-31T12:45:33.435000Z
1.17419,1.17422,1120000.0048,3750000.0,2018-07-31T12:45:33.988000Z
1.1742000000000001,1.17424,3069999.9332,3819999.9332,2018-07-31T12:45:35.135000Z
1.1742000000000001,1.17422,2700000.0477,1269999.9809,2018-07-31T12:45:35.190000Z
1.17418,1.1742100000000002,1950000.0477,1000000.0,2018-07-31T12:45:35.536000Z
1.17415,1.17418,3670000.0763,2250000.0,2018-07-31T12:45:35.850000Z
1.17414,1.1741700000000002,1120000.0048,1000000.0,2018-07-31T12:45:36.211000Z
1.17415,1.17418,3940000.0572,1500000.0,2018-07-31T12:45:36.728000Z
1.17415,1.1741700000000002,1120000.0048,1000000.0,2018-07-31T12:45:37.277000Z
1.17413,1.17416,4199999.8093,1000000.0,2018-07-31T12:45:37.791000Z
1.17413,1.1741700000000002,2700000.0477,1500000.0,2018-07-31T12:45:38.315000Z
1.17413,1.17416,2700000.0477,2440000.0572,2018-07-31T12:45:38.850000Z
1.17415,1.17418,1000000.0,6369999.8856,2018-07-31T12:45:39.299000Z
1.17414,1.17418,1950000.0477,8250000.0,2018-07-31T12:45:39.351000Z
1.17413,1.17416,5550000.1907,1120000.0048,2018-07-31T12:45:40.701000Z
1.17414,1.17416,1950000.0477,1000000.0,2018-07-31T12:45:41.273000Z
1.17413,1.1741700000000002,1950000.0477,3190000.0572,2018-07-31T12:45:41.383000Z
1.17415,1.17418,2250000.0,4119999.8856,2018-07-31T12:45:42.715000Z
1.17413,1.17416,5699999.8093,1000000.0,2018-07-31T12:45:43.226000Z
1.17413,1.1741700000000002,2140000.1049,3000000.0,2018-07-31T12:45:43.775000Z
1.17413,1.17416,1950000.0477,1000000.0,2018-07-31T12:45:44.295000Z
1.17413,1.17416,1759999.9905,1190000.0572,2018-07-31T12:45:49.046000Z
1.17413,1.1741700000000002,1100000.0238,5789999.9619,2018-07-31T12:45:49.651000Z
1.17413,1.1741700000000002,1100000.0238,3000000.0,2018-07-31T12:45:51.068000Z
1.17413,1.17414,1000000.0,1000000.0,2018-07-31T12:45:51.697000Z
1.17412,1.17415,1950000.0477,1000000.0,2018-07-31T12:45:52.207000Z
1.17413,1.1741700000000002,1100000.0238,9819999.6948,2018-07-31T12:45:52.674000Z
1.17413,1.17416,1100000.0238,1000000.0,2018-07-31T12:45:53.341000Z
1.17413,1.1741700000000002,1100000.0238,9300000.1907,2018-07-31T12:45:54.383000Z
1.17413,1.17416,1570000.0525,2440000.0572,2018-07-31T12:45:55.613000Z
1.17413,1.1741700000000002,1100000.0238,9069999.6948,2018-07-31T12:45:55.925000Z
1.17413,1.17416,1100000.0238,1500000.0,2018-07-31T12:45:56.428000Z
1.17413,1.17416,1100000.0238,1690000.0572,2018-07-31T12:45:56.956000Z
1.17413,1.1741700000000002,1100000.0238,4760000.2289,2018-07-31T12:45:57.469000Z
1.17413,1.17416,1100000.0238,1690000.0572,2018-07-31T12:45:58.130000Z
1.17413,1.1741700000000002,1100000.0238,5360000.1335,2018-07-31T12:45:58.661000Z
1.17413,1.17416,2319999.9332,1000000.0,2018-07-31T12:45:59.268000Z
1.17413,1.1741700000000002,2319999.9332,7500000.0,2018-07-31T12:45:59.796000Z
1.17413,1.17416,2319999.9332,1000000.0,2018-07-31T12:46:00.507000Z
1.17413,1.1741700000000002,2319999.9332,9000000.0,2018-07-31T12:46:01.049000Z
1.17416,1.17418,1870000.0048,3000000.0,2018-07-31T12:46:01.628000Z
1.17414,1.1741700000000002,1570000.0525,3000000.0,2018-07-31T12:46:01.834000Z
1.17414,1.17416,1200000.0477,1000000.0,2018-07-31T12:46:02.382000Z
1.17414,1.17418,3450000.0477,2619999.8856,2018-07-31T12:46:02.705000Z
1.17414,1.17418,6820000.1717,4869999.8856,2018-07-31T12:46:03.222000Z
1.17414,1.1741700000000002,2059999.9428,4690000.0572,2018-07-31T12:46:03.274000Z
1.17413,1.17415,1000000.0,1000000.0,2018-07-31T12:46:03.852000Z
1.17413,1.17416,1000000.0,6219999.7902,2018-07-31T12:46:04.359000Z
1.17411,1.17414,1200000.0477,1000000.0,2018-07-31T12:46:04.676000Z
1.17412,1.17416,4949999.8093,5250000.0,2018-07-31T12:46:05.035000Z
1.17412,1.17416,4010000.2289,9189999.5804,2018-07-31T12:46:05.568000Z
1.17412,1.17416,2619999.8856,4690000.0572,2018-07-31T12:46:06.121000Z
1.17412,1.17415,1870000.0048,1000000.0,2018-07-31T12:46:06.683000Z
1.17414,1.1741700000000002,2319999.9332,2250000.0,2018-07-31T12:46:06.837000Z
1.17415,1.17418,1000000.0,1120000.0048,2018-07-31T12:46:07.724000Z
1.1741700000000002,1.1742000000000001,1870000.0048,5320000.1717,2018-07-31T12:46:08.317000Z
1.1742000000000001,1.17422,1000000.0,4690000.0572,2018-07-31T12:46:08.626000Z
1.17418,1.1742100000000002,1870000.0048,1250000.0,2018-07-31T12:46:08.678000Z
1.17418,1.17422,1870000.0048,3940000.0572,2018-07-31T12:46:10.015000Z
1.17418,1.1742100000000002,1870000.0048,1500000.0,2018-07-31T12:46:10.837000Z
1.1742000000000001,1.17422,1500000.0,1309999.9428,2018-07-31T12:46:10.994000Z
1.17418,1.17422,1690000.0572,4159999.8474,2018-07-31T12:46:11.495000Z
1.1741700000000002,1.17422,3819999.9332,2440000.0572,2018-07-31T12:46:11.705000Z
1.1741700000000002,1.1742100000000002,2509999.9905,2769999.9809,2018-07-31T12:46:12.395000Z
1.17418,1.1742100000000002,3450000.0477,3750000.0,2018-07-31T12:46:12.619000Z
1.17418,1.1742100000000002,1000000.0,1690000.0572,2018-07-31T12:46:13.141000Z
1.1742000000000001,1.17422,1500000.0,1000000.0,2018-07-31T12:46:13.465000Z
1.1742100000000002,1.17425,4389999.8665,3190000.0572,2018-07-31T12:46:13.555000Z
1.1742000000000001,1.1742299999999999,3259999.9905,1000000.0,2018-07-31T12:46:13.712000Z
1.1742000000000001,1.17424,1309999.9428,2809999.9428,2018-07-31T12:46:14.321000Z
1.17419,1.17422,1100000.0238,2250000.0,2018-07-31T12:46:15.076000Z
1.17419,1.1742299999999999,3450000.0477,3039999.9619,2018-07-31T12:46:15.744000Z
1.17419,1.17424,2700000.0477,5809999.9428,2018-07-31T12:46:16.271000Z
1.1742000000000001,1.17424,1500000.0,6559999.9428,2018-07-31T12:46:17.109000Z
1.17419,1.17422,1570000.0525,3750000.0,2018-07-31T12:46:17.440000Z
1.17418,1.17422,5320000.1717,1500000.0,2018-07-31T12:46:17.982000Z
1.17418,1.1742100000000002,3819999.9332,1000000.0,2018-07-31T12:46:18.489000Z
1.17418,1.17422,3069999.9332,3369999.8856,2018-07-31T12:46:19.028000Z
1.17419,1.1742299999999999,2859999.8951,3000000.0,2018-07-31T12:46:19.632000Z
1.17422,1.17426,1950000.0477,2809999.9428,2018-07-31T12:46:19.944000Z
1.1742100000000002,1.1742299999999999,4199999.8093,2250000.0,2018-07-31T12:46:20.479000Z
1.1741700000000002,1.1742000000000001,6639999.8665,1000000.0,2018-07-31T12:46:20.636000Z
1.1741700000000002,1.17422,4010000.2289,2619999.8856,2018-07-31T12:46:20.994000Z
1.1741700000000002,1.1742100000000002,6260000.2289,1000000.0,2018-07-31T12:46:21.659000Z
1.1741700000000002,1.17422,5510000.2289,3000000.0,2018-07-31T12:46:22.186000Z
1.17418,1.17422,1000000.0,3369999.8856,2018-07-31T12:46:22.985000Z
1.17419,1.1742299999999999,5440000.0572,2849999.9046,2018-07-31T12:46:23.270000Z
1.1742000000000001,1.17424,4199999.8093,1690000.0572,2018-07-31T12:46:23.812000Z
1.1742100000000002,1.17425,3259999.9905,1120000.0048,2018-07-31T12:46:24.171000Z
1.17422,1.17426,1450000.0477,5619999.8856,2018-07-31T12:46:24.673000Z
1.17422,1.17426,1200000.0477,2700000.0477,2018-07-31T12:46:25.204000Z
1.1742100000000002,1.17426,6670000.0763,2890000.1049,2018-07-31T12:46:26.120000Z
1.17422,1.17424,2250000.0,1000000.0,2018-07-31T12:46:26.666000Z
1.1742000000000001,1.17424,9449999.8093,2440000.0572,2018-07-31T12:46:27.171000Z
1.1742000000000001,1.17424,6820000.1717,1690000.0572,2018-07-31T12:46:27.704000Z
1.17419,1.17422,3069999.9332,4119999.8856,2018-07-31T12:46:29.159000Z
1.17418,1.17422,2319999.9332,6750000.0,2018-07-31T12:46:29.830000Z
1.17418,1.1742100000000002,1950000.0477,1000000.0,2018-07-31T12:46:30.490000Z
1.1741700000000002,1.1742000000000001,1950000.0477,1000000.0,2018-07-31T12:46:31.009000Z
1.1741700000000002,1.1742100000000002,1950000.0477,3190000.0572,2018-07-31T12:46:31.894000Z
1.1741700000000002,1.1742000000000001,1950000.0477,1000000.0,2018-07-31T12:46:32.452000Z
1.1741700000000002,1.1742100000000002,1950000.0477,4500000.0,2018-07-31T12:46:33.161000Z
1.17415,1.17416,5320000.1717,2250000.0,2018-07-31T12:46:34.550000Z
1.17408,1.17411,1870000.0048,4500000.0,2018-07-31T12:46:34.792000Z
1.17406,1.1741000000000001,6070000.1717,1720000.0286,2018-07-31T12:46:35.295000Z
1.17405,1.17408,2700000.0477,4539999.9619,2018-07-31T12:46:35.732000Z
1.17404,1.1740700000000002,1500000.0,1720000.0286,2018-07-31T12:46:35.835000Z
1.17405,1.17409,1870000.0048,4760000.2289,2018-07-31T12:46:36.189000Z
1.17406,1.1741000000000001,2059999.9428,2250000.0,2018-07-31T12:46:36.400000Z
1.17409,1.17411,1000000.0,1870000.0048,2018-07-31T12:46:36.780000Z
1.1740700000000002,1.17412,6300000.1907,4869999.8856,2018-07-31T12:46:37.096000Z
1.1740700000000002,1.17412,6670000.0763,2619999.8856,2018-07-31T12:46:37.601000Z
1.17408,1.17411,1350000.0238,1309999.9428,2018-07-31T12:46:38.113000Z
1.1740700000000002,1.17409,1000000.0,1000000.0,2018-07-31T12:46:38.165000Z
1.1740700000000002,1.1741000000000001,2619999.8856,2440000.0572,2018-07-31T12:46:38.714000Z
1.1740700000000002,1.17408,1500000.0,1500000.0,2018-07-31T12:46:39.222000Z
1.17405,1.1740700000000002,3000000.0,1000000.0,2018-07-31T12:46:39.283000Z
1.17404,1.17408,1870000.0048,1500000.0,2018-07-31T12:46:39.815000Z
1.17404,1.1740700000000002,1950000.0477,1000000.0,2018-07-31T12:46:40.336000Z
1.1740700000000002,1.17408,1500000.0,3369999.8856,2018-07-31T12:46:40.750000Z
1.1740700000000002,1.1741000000000001,1500000.0,2440000.0572,2018-07-31T12:46:40.936000Z
1.17408,1.17411,1870000.0048,1100000.0238,2018-07-31T12:46:41.476000Z
1.1741000000000001,1.17412,1120000.0048,2250000.0,2018-07-31T12:46:42.101000Z
1.1741000000000001,1.17414,3190000.0572,3279999.9714,2018-07-31T12:46:42.205000Z
1.1741000000000001,1.17415,2440000.0572,3640000.1049,2018-07-31T12:46:42.906000Z
1.17413,1.17415,5659999.8474,1120000.0048,2018-07-31T12:46:43.347000Z
1.17414,1.1741700000000002,1000000.0,4199999.8093,2018-07-31T12:46:43.505000Z
1.17413,1.1741700000000002,5699999.8093,4949999.8093,2018-07-31T12:46:44.099000Z
1.1741000000000001,1.17413,2619999.8856,2619999.8856,2018-07-31T12:46:44.651000Z
1.17408,1.17412,3369999.8856,1500000.0,2018-07-31T12:46:44.755000Z
1.17408,1.17411,1720000.0286,1000000.0,2018-07-31T12:46:46.659000Z
1.17408,1.17412,1299999.9523,2319999.9332,2018-07-31T12:46:47.570000Z
1.17408,1.17411,1120000.0048,1000000.0,2018-07-31T12:46:48.361000Z
1.17408,1.1741000000000001,1049999.9523,1000000.0,2018-07-31T12:46:50.210000Z
1.17408,1.17411,1049999.9523,2619999.8856,2018-07-31T12:46:50.713000Z
1.17408,1.1741000000000001,1070000.0525,1000000.0,2018-07-31T12:46:51.218000Z
1.1740700000000002,1.1741000000000001,3450000.0477,1000000.0,2018-07-31T12:46:51.762000Z
1.1740700000000002,1.17411,1950000.0477,1120000.0048,2018-07-31T12:46:52.277000Z
1.1740700000000002,1.17411,1470000.0286,2059999.9428,2018-07-31T12:46:52.808000Z
1.1740700000000002,1.17409,1570000.0525,1000000.0,2018-07-31T12:46:53.584000Z
1.17406,1.17408,1570000.0525,1200000.0477,2018-07-31T12:46:53.693000Z
1.1740700000000002,1.1741000000000001,1570000.0525,2769999.9809,2018-07-31T12:46:53.901000Z
1.1740700000000002,1.1741000000000001,1009999.9905,2890000.1049,2018-07-31T12:46:54.415000Z
1.1740700000000002,1.17411,1200000.0477,4570000.1717,2018-07-31T12:46:54.932000Z
1.1740700000000002,1.17409,1200000.0477,1000000.0,2018-07-31T12:46:55.586000Z
1.17406,1.1741000000000001,4949999.8093,1200000.0477,2018-07-31T12:46:56.377000Z
1.1740700000000002,1.1741000000000001,1950000.0477,2250000.0,2018-07-31T12:46:56.901000Z
1.17406,1.1741000000000001,5320000.1717,1000000.0,2018-07-31T12:46:57.003000Z
1.1740700000000002,1.1741000000000001,2700000.0477,1200000.0477,2018-07-31T12:46:57.537000Z
1.17406,1.17411,10310000.4196,6639999.8665,2018-07-31T12:46:58.335000Z
1.17406,1.17411,9189999.5804,4840000.1526,2018-07-31T12:46:58.880000Z
1.17406,1.17408,1269999.9809,1870000.0048,2018-07-31T12:46:58.985000Z
1.17406,1.17409,4690000.0572,1000000.0,2018-07-31T12:46:59.555000Z
1.1740700000000002,1.17409,1000000.0,1000000.0,2018-07-31T12:47:00.130000Z
1.1740700000000002,1.1741000000000001,1000000.0,3819999.9332,2018-07-31T12:47:00.677000Z
1.1740700000000002,1.17409,1000000.0,1000000.0,2018-07-31T12:47:01.194000Z
1.17406,1.17408,1200000.0477,1000000.0,2018-07-31T12:47:01.729000Z
1.17406,1.1741000000000001,4949999.8093,3750000.0,2018-07-31T12:47:02.240000Z
1.17408,1.17411,1000000.0,1870000.0048,2018-07-31T12:47:03.480000Z
1.1741000000000001,1.17411,5469999.7902,1000000.0,2018-07-31T12:47:03.898000Z
1.17412,1.17416,6860000.1335,3450000.0477,2018-07-31T12:47:04.003000Z
1.17412,1.17415,1200000.0477,1000000.0,2018-07-31T12:47:04.528000Z
1.17412,1.17415,2140000.1049,4130000.1144,2018-07-31T12:47:05.053000Z
1.17412,1.17416,1200000.0477,6969999.7902,2018-07-31T12:47:05.679000Z
1.17411,1.17412,4199999.8093,1000000.0,2018-07-31T12:47:07.553000Z
1.17408,1.17411,1100000.0238,1120000.0048,2018-07-31T12:47:07.658000Z
1.1740700000000002,1.17411,2700000.0477,1700000.0477,2018-07-31T12:47:08.197000Z
1.17405,1.17409,1500000.0,4050000.1907,2018-07-31T12:47:08.643000Z
1.1740700000000002,1.17409,2619999.8856,1570000.0525,2018-07-31T12:47:09.166000Z
1.1740700000000002,1.17411,3369999.8856,4500000.0,2018-07-31T12:47:09.220000Z
1.1740700000000002,1.17411,3069999.9332,1500000.0,2018-07-31T12:47:09.760000Z
1.1740700000000002,1.1741000000000001,1200000.0477,10869999.8856,2018-07-31T12:47:09.917000Z
1.17406,1.17409,1200000.0477,1690000.0572,2018-07-31T12:47:09.969000Z
1.17409,1.17411,1000000.0,7949999.8093,2018-07-31T12:47:10.221000Z
1.1740700000000002,1.17412,1570000.0525,7199999.8093,2018-07-31T12:47:10.741000Z
1.1740700000000002,1.17411,7570000.1717,3750000.0,2018-07-31T12:47:11.044000Z
1.1740700000000002,1.17411,4010000.2289,1870000.0048,2018-07-31T12:47:12.223000Z
1.1740700000000002,1.17412,2319999.9332,7949999.8093,2018-07-31T12:47:12.327000Z
1.17408,1.17411,1200000.0477,2250000.0,2018-07-31T12:47:12.938000Z
1.17409,1.17412,1100000.0238,2619999.8856,2018-07-31T12:47:15.520000Z
1.17411,1.17412,1000000.0,1870000.0048,2018-07-31T12:47:15.757000Z
1.17413,1.17416,3450000.0477,2099999.9046,2018-07-31T12:47:15.870000Z
1.17414,1.17416,1200000.0477,1000000.0,2018-07-31T12:47:16.184000Z
1.17415,1.17418,1100000.0238,5619999.8856,2018-07-31T12:47:16.316000Z
1.17414,1.17416,1950000.0477,1309999.9428,2018-07-31T12:47:16.370000Z
1.17411,1.17413,1070000.0525,1000000.0,2018-07-31T12:47:16.687000Z
1.1741000000000001,1.17412,1200000.0477,1000000.0,2018-07-31T12:47:16.739000Z
1.1741000000000001,1.17414,4949999.8093,1870000.0048,2018-07-31T12:47:16.933000Z
1.17412,1.17414,1200000.0477,1000000.0,2018-07-31T12:47:17.470000Z
1.17411,1.17415,3450000.0477,6369999.8856,2018-07-31T12:47:18.147000Z
1.17412,1.17414,1570000.0525,1000000.0,2018-07-31T12:47:19.075000Z
1.17412,1.17415,1950000.0477,1120000.0048,2018-07-31T12:47:19.602000Z
1.17413,1.17416,1100000.0238,1950000.0477,2018-07-31T12:47:21.092000Z
1.17415,1.1741700000000002,1500000.0,1000000.0,2018-07-31T12:47:21.249000Z
1.17415,1.17419,1000000.0,3369999.8856,2018-07-31T12:47:21.644000Z
1.17416,1.17419,2250000.0,1000000.0,2018-07-31T12:47:21.696000Z
1.1742000000000001,1.1742299999999999,1200000.0477,9939999.5804,2018-07-31T12:47:22.012000Z
1.17419,1.17422,1200000.0477,3559999.9428,2018-07-31T12:47:22.208000Z
1.17418,1.17419,1009999.9905,1250000.0,2018-07-31T12:47:22.750000Z
1.17416,1.1742000000000001,4949999.8093,4690000.0572,2018-07-31T12:47:22.858000Z
1.17416,1.17418,2440000.0572,2250000.0,2018-07-31T12:47:23Z
1.1741000000000001,1.17413,4389999.8665,2250000.0,2018-07-31T12:47:23.216000Z
1.1741000000000001,1.17412,1570000.0525,1500000.0,2018-07-31T12:47:23.748000Z
1.17409,1.17412,5550000.1907,1500000.0,2018-07-31T12:47:24.970000Z
1.17409,1.17413,4610000.1335,1120000.0048,2018-07-31T12:47:25.650000Z
1.17409,1.17411,3640000.1049,1500000.0,2018-07-31T12:47:26.240000Z
1.17411,1.17413,1250000.0,1759999.9905,2018-07-31T12:47:27.246000Z
1.17412,1.17415,1570000.0525,1870000.0048,2018-07-31T12:47:27.488000Z
1.17412,1.17415,1950000.0477,1500000.0,2018-07-31T12:47:28.621000Z
1.17413,1.17416,4570000.1717,1500000.0,2018-07-31T12:47:29.630000Z
1.17414,1.1741700000000002,2140000.1049,2440000.0572,2018-07-31T12:47:30.143000Z
1.17414,1.1741700000000002,1570000.0525,2619999.8856,2018-07-31T12:47:30.665000Z
1.17414,1.17416,1200000.0477,1870000.0048,2018-07-31T12:47:31.884000Z
1.17412,1.17415,1200000.0477,3900000.0954,2018-07-31T12:47:32.053000Z
1.1741000000000001,1.17413,8319999.6948,1000000.0,2018-07-31T12:47:32.275000Z
1.17408,1.17411,3369999.8856,1000000.0,2018-07-31T12:47:32.481000Z
1.17409,1.17412,1000000.0,3750000.0,2018-07-31T12:47:33.018000Z
1.17409,1.17411,1000000.0,2619999.8856,2018-07-31T12:47:33.191000Z
1.1740700000000002,1.1741000000000001,2740000.0095,2809999.9428,2018-07-31T12:47:33.300000Z
1.17408,1.1741000000000001,1000000.0,1500000.0,2018-07-31T12:47:33.839000Z
1.17406,1.1741000000000001,10199999.8093,1690000.0572,2018-07-31T12:47:34.337000Z
1.1740700000000002,1.1741000000000001,2250000.0,2250000.0,2018-07-31T12:47:35.744000Z
1.17406,1.1741000000000001,8510000.2289,2250000.0,2018-07-31T12:47:36.272000Z
1.1740700000000002,1.1741000000000001,2250000.0,2250000.0,2018-07-31T12:47:37.320000Z
1.17406,1.17409,4420000.0763,1309999.9428,2018-07-31T12:47:38.061000Z
1.17406,1.1741000000000001,6449999.8093,5250000.0,2018-07-31T12:47:38.574000Z
1.17409,1.17411,8100000.3815,1000000.0,2018-07-31T12:47:38.626000Z
1.17411,1.17413,2319999.9332,1120000.0048,2018-07-31T12:47:38.783000Z
1.17412,1.17415,1200000.0477,3750000.0,2018-07-31T12:47:39.231000Z
1.17413,1.17416,1200000.0477,2700000.0477,2018-07-31T12:47:39.759000Z
1.17413,1.17415,1200000.0477,1100000.0238,2018-07-31T12:47:40.263000Z
1.17413,1.17416,1200000.0477,1000000.0,2018-07-31T12:47:42.918000Z
1.17412,1.17414,1200000.0477,1000000.0,2018-07-31T12:47:43.128000Z
1.1741000000000001,1.17415,12069999.6948,4570000.1717,2018-07-31T12:47:43.392000Z
1.17411,1.17413,1100000.0238,1000000.0,2018-07-31T12:47:43.498000Z
1.17408,1.17413,9449999.8093,4119999.8856,2018-07-31T12:47:44.080000Z
1.17409,1.1741000000000001,1000000.0,1000000.0,2018-07-31T12:47:44.548000Z
1.17408,1.1741000000000001,1120000.0048,1690000.0572,2018-07-31T12:47:44.655000Z
1.1740700000000002,1.17411,1120000.0048,9640000.3433,2018-07-31T12:47:45.218000Z
1.1740700000000002,1.17411,2170000.0763,5320000.1717,2018-07-31T12:47:45.376000Z
1.17408,1.1741000000000001,2319999.9332,1000000.0,2018-07-31T12:47:45.926000Z
1.17408,1.17411,1570000.0525,3750000.0,2018-07-31T12:47:46.456000Z
1.17408,1.1741000000000001,1570000.0525,1000000.0,2018-07-31T12:47:46.972000Z
1.17408,1.17411,1570000.0525,5250000.0,2018-07-31T12:47:47.484000Z
1.17408,1.1741000000000001,1570000.0525,1000000.0,2018-07-31T12:47:48.018000Z
1.1740700000000002,1.1741000000000001,2700000.0477,1000000.0,2018-07-31T12:47:48.541000Z
1.17406,1.17411,6670000.0763,5699999.8093,2018-07-31T12:47:48.672000Z
1.1740700000000002,1.1741000000000001,1690000.0572,2440000.0572,2018-07-31T12:47:48.724000Z
1.1740700000000002,1.1741000000000001,1000000.0,1250000.0,2018-07-31T12:47:49.320000Z
1.17406,1.17411,6489999.7711,6559999.9428,2018-07-31T12:47:49.889000Z
1.1740700000000002,1.1741000000000001,2440000.0572,1690000.0572,2018-07-31T12:47:50.440000Z
1.1740700000000002,1.1741000000000001,1000000.0,2440000.0572,2018-07-31T12:47:51.528000Z
1.17406,1.1741000000000001,6039999.9619,1250000.0,2018-07-31T12:47:52.044000Z
1.1740700000000002,1.1741000000000001,2440000.0572,3190000.0572,2018-07-31T12:47:52.561000Z
1.17406,1.1741000000000001,5099999.9046,1250000.0,2018-07-31T12:47:53.074000Z
1.17403,1.17406,1389999.9857,1440000.0572,2018-07-31T12:47:53.391000Z
1.17402,1.1740700000000002,5400000.0954,6449999.8093,2018-07-31T12:47:53.877000Z
1.17403,1.17406,3450000.0477,1000000.0,2018-07-31T12:47:54.511000Z
1.17402,1.1740700000000002,4650000.0954,3000000.0,2018-07-31T12:47:55.050000Z
1.17402,1.1740700000000002,3069999.9332,3819999.9332,2018-07-31T12:47:55.602000Z
1.17402,1.17403,1570000.0525,1500000.0,2018-07-31T12:47:56Z
1.17401,1.17403,1000000.0,1000000.0,2018-07-31T12:47:56.104000Z
1.17401,1.17405,4869999.8856,10010000.2289,2018-07-31T12:47:56.160000Z
1.17403,1.17405,1000000.0,5699999.8093,2018-07-31T12:47:56.265000Z
1.17403,1.17406,3000000.0,1120000.0048,2018-07-31T12:47:56.482000Z
1.17404,1.1740700000000002,2549999.9523,1000000.0,2018-07-31T12:47:57.005000Z
1.17403,1.17408,8550000.1907,5320000.1717,2018-07-31T12:47:57.520000Z
1.17403,1.1740700000000002,5469999.7902,2059999.9428,2018-07-31T12:47:57.775000Z
1.17403,1.1740700000000002,3970000.0286,2059999.9428,2018-07-31T12:47:58.305000Z
1.17403,1.1740700000000002,4539999.9619,4949999.8093,2018-07-31T12:47:59.032000Z
1.17403,1.1740700000000002,2849999.9046,6449999.8093,2018-07-31T12:47:59.085000Z
1.17405,1.17408,1000000.0,1000000.0,2018-07-31T12:47:59.427000Z
1.1740700000000002,1.1741000000000001,2250000.0,1120000.0048,2018-07-31T12:47:59.739000Z
1.17409,1.1741000000000001,1500000.0,1000000.0,2018-07-31T12:48:00.210000Z
1.1741000000000001,1.17412,1000000.0,1100000.0238,2018-07-31T12:48:00.263000Z
1.17412,1.17414,1000000.0,1840000.0334,2018-07-31T12:48:00.367000Z
1.17411,1.17415,1500000.0,4570000.1717,2018-07-31T12:48:00.629000Z
1.17411,1.17412,1000000.0,1000000.0,2018-07-31T12:48:01.266000Z
1.1740700000000002,1.17408,1000000.0,1250000.0,2018-07-31T12:48:01.619000Z
1.1739600000000001,1.17401,3190000.0572,4389999.8665,2018-07-31T12:48:01.779000Z
1.1739700000000002,1.17398,1000000.0,1500000.0,2018-07-31T12:48:01.832000Z
1.17402,1.17406,1500000.0,1370000.0048,2018-07-31T12:48:02.158000Z
1.17403,1.17406,1000000.0,1500000.0,2018-07-31T12:48:02.715000Z
1.17402,1.17406,3599999.9046,1500000.0,2018-07-31T12:48:03.235000Z
1.17402,1.17406,4539999.9619,1500000.0,2018-07-31T12:48:03.736000Z
1.17402,1.17404,1250000.0,1000000.0,2018-07-31T12:48:04.180000Z
1.17398,1.17401,1000000.0,2140000.1049,2018-07-31T12:48:04.483000Z
1.1739600000000001,1.17401,7869999.8856,1200000.0477,2018-07-31T12:48:05.084000Z
1.1739600000000001,1.17399,4869999.8856,2250000.0,2018-07-31T12:48:05.430000Z
1.1739600000000001,1.1740000000000002,1120000.0048,3339999.9142,2018-07-31T12:48:05.952000Z
1.1739700000000002,1.17401,1000000.0,4690000.0572,2018-07-31T12:48:06.743000Z
1.1739700000000002,1.17401,3450000.0477,2700000.0477,2018-07-31T12:48:07.284000Z
1.1739700000000002,1.1740000000000002,3000000.0,1009999.9905,2018-07-31T12:48:07.823000Z
1.1739600000000001,1.1740000000000002,1950000.0477,1100000.0238,2018-07-31T12:48:08.333000Z
1.1739700000000002,1.17399,1000000.0,1000000.0,2018-07-31T12:48:08.869000Z
1.17395,1.1740000000000002,7719999.7902,6449999.8093,2018-07-31T12:48:09.391000Z
1.1739600000000001,1.17398,1000000.0,1500000.0,2018-07-31T12:48:09.829000Z
1.17392,1.17395,4949999.8093,1000000.0,2018-07-31T12:48:09.989000Z
1.17392,1.1739700000000002,5320000.1717,3000000.0,2018-07-31T12:48:10.146000Z
1.17391,1.17395,8170000.0763,1000000.0,2018-07-31T12:48:10.604000Z
1.17391,1.1739700000000002,9300000.1907,6070000.1717,2018-07-31T12:48:10.655000Z
1.17392,1.17395,1419999.9571,5170000.0763,2018-07-31T12:48:10.707000Z
1.17388,1.17392,1000000.0,4500000.0,2018-07-31T12:48:10.944000Z
1.1738700000000002,1.17392,5809999.9428,5400000.0954,2018-07-31T12:48:11.458000Z
1.1738700000000002,1.17391,1669999.9571,1690000.0572,2018-07-31T12:48:11.896000Z
1.1738700000000002,1.17391,1669999.9571,1500000.0,2018-07-31T12:48:12.641000Z
1.1738700000000002,1.1739000000000002,3599999.9046,1000000.0,2018-07-31T12:48:13.152000Z
1.1738700000000002,1.17392,3410000.0858,3450000.0477,2018-07-31T12:48:13.478000Z
1.1738700000000002,1.17391,4989999.7711,1000000.0,2018-07-31T12:48:14.438000Z
1.17388,1.17392,1120000.0048,5619999.8856,2018-07-31T12:48:14.957000Z
1.1739000000000002,1.17393,1000000.0,4650000.0954,2018-07-31T12:48:15.276000Z
1.17391,1.17394,1000000.0,1100000.0238,2018-07-31T12:48:15.328000Z
1.17391,1.17392,1000000.0,5250000.0,2018-07-31T12:48:15.380000Z
1.1738,1.17382,1000000.0,1500000.0,2018-07-31T12:48:15.688000Z
1.1738,1.17382,1500000.0,5920000.0763,2018-07-31T12:48:16.228000Z
1.17381,1.17383,1000000.0,5769999.9809,2018-07-31T12:48:16.466000Z
1.17382,1.17385,1309999.9428,1500000.0,2018-07-31T12:48:16.626000Z
1.17382,1.1738600000000001,1389999.9857,2700000.0477,2018-07-31T12:48:17.157000Z
1.17382,1.1738600000000001,1120000.0048,5250000.0,2018-07-31T12:48:17.814000Z
1.1738,1.17382,1759999.9905,3369999.8856,2018-07-31T12:48:18.651000Z
1.1737700000000002,1.17381,1950000.0477,2700000.0477,2018-07-31T12:48:18.756000Z
1.17382,1.17384,2619999.8856,1200000.0477,2018-07-31T12:48:19.176000Z
1.17383,1.1738600000000001,1000000.0,3450000.0477,2018-07-31T12:48:19.229000Z
1.17381,1.1738600000000001,5510000.2289,1870000.0048,2018-07-31T12:48:19.765000Z
1.17381,1.17382,1200000.0477,1000000.0,2018-07-31T12:48:19.819000Z
1.1737700000000002,1.17381,5699999.8093,1100000.0238,2018-07-31T12:48:19.925000Z
1.1737600000000001,1.1737900000000001,1000000.0,1000000.0,2018-07-31T12:48:20.444000Z
1.1737700000000002,1.1737900000000001,1000000.0,1500000.0,2018-07-31T12:48:20.975000Z
1.17374,1.1737700000000002,4500000.0,1000000.0,2018-07-31T12:48:21.185000Z
1.17372,1.1737600000000001,3190000.0572,2319999.9332,2018-07-31T12:48:21.467000Z
1.17372,1.1737700000000002,1309999.9428,4380000.1144,2018-07-31T12:48:22.079000Z
1.17373,1.17378,1000000.0,9520000.4578,2018-07-31T12:48:22.909000Z
1.1737700000000002,1.17378,1000000.0,1269999.9809,2018-07-31T12:48:23.420000Z
1.1737600000000001,1.17381,3940000.0572,4570000.1717,2018-07-31T12:48:23.585000Z
1.1737700000000002,1.1738,1250000.0,1000000.0,2018-07-31T12:48:24.139000Z
1.1737600000000001,1.17381,5809999.9428,4949999.8093,2018-07-31T12:48:24.691000Z
1.1737600000000001,1.17381,3369999.8856,2700000.0477,2018-07-31T12:48:25.226000Z
1.17374,1.1737700000000002,3750000.0,1250000.0,2018-07-31T12:48:25.557000Z
1.17372,1.1737600000000001,1870000.0048,1250000.0,2018-07-31T12:48:25.711000Z
1.17372,1.17374,1870000.0048,1000000.0,2018-07-31T12:48:25.966000Z
1.17371,1.1737600000000001,4309999.9428,3259999.9905,2018-07-31T12:48:26.301000Z
1.1737600000000001,1.1737700000000002,3940000.0572,6449999.8093,2018-07-31T12:48:26.558000Z
1.1737700000000002,1.1738,1500000.0,3069999.9332,2018-07-31T12:48:26.660000Z
1.1737600000000001,1.1738,8319999.6948,4570000.1717,2018-07-31T12:48:30.903000Z
1.1737600000000001,1.1738,3450000.0477,1950000.0477,2018-07-31T12:48:30.955000Z
1.1737600000000001,1.17381,2250000.0,4199999.8093,2018-07-31T12:48:31.371000Z
1.17378,1.17382,3940000.0572,5320000.1717,2018-07-31T12:48:31.882000Z
1.1738,1.17384,4570000.1717,1570000.0525,2018-07-31T12:48:31.936000Z
1.17381,1.1738600000000001,3000000.0,1570000.0525,2018-07-31T12:48:32.355000Z
1.17384,1.1738700000000002,1870000.0048,1000000.0,2018-07-31T12:48:32.875000Z
1.17383,1.1738600000000001,1120000.0048,1200000.0477,2018-07-31T12:48:33.402000Z
1.1738,1.17382,3450000.0477,1250000.0,2018-07-31T12:48:34.492000Z
1.1737900000000001,1.17382,1000000.0,3750000.0,2018-07-31T12:48:34.546000Z
1.1737700000000002,1.1738,2700000.0477,1000000.0,2018-07-31T12:48:34.833000Z
1.1737700000000002,1.17381,1500000.0,4570000.1717,2018-07-31T12:48:35.355000Z
1.1737700000000002,1.1738,1870000.0048,1370000.0048,2018-07-31T12:48:35.892000Z
1.17374,1.17378,3450000.0477,3069999.9332,2018-07-31T12:48:36.207000Z
1.17375,1.1737900000000001,6039999.9619,4949999.8093,2018-07-31T12:48:36.470000Z
1.1737600000000001,1.1738,2660000.0858,3190000.0572,2018-07-31T12:48:36.580000Z
1.17375,1.17381,8359999.6567,7010000.2289,2018-07-31T12:48:37.110000Z
1.1737600000000001,1.1738,2440000.0572,1000000.0,2018-07-31T12:48:37.623000Z
1.1737600000000001,1.17381,2809999.9428,2890000.1049,2018-07-31T12:48:38.180000Z
1.1737600000000001,1.1738,4010000.2289,1100000.0238,2018-07-31T12:48:38.719000Z
1.17374,1.17378,1950000.0477,1309999.9428,2018-07-31T12:48:39.211000Z
1.17372,1.1737600000000001,2700000.0477,2509999.9905,2018-07-31T12:48:39.426000Z
1.17372,1.17375,1200000.0477,1000000.0,2018-07-31T12:48:39.945000Z
1.17373,1.1737700000000002,1000000.0,5699999.8093,2018-07-31T12:48:40.233000Z
1.1737600000000001,1.1737700000000002,1120000.0048,1200000.0477,2018-07-31T12:48:40.336000Z
1.1737600000000001,1.1737900000000001,1120000.0048,1000000.0,2018-07-31T12:48:40.439000Z
1.1737600000000001,1.17382,3000000.0,7010000.2289,2018-07-31T12:48:40.888000Z
1.1737600000000001,1.1738,7500000.0,1120000.0048,2018-07-31T12:48:41.525000Z
1.1738,1.17382,1000000.0,1470000.0286,2018-07-31T12:48:41.628000Z
1.1737600000000001,1.17382,9109999.6567,7010000.2289,2018-07-31T12:48:42.168000Z
1.1737700000000002,1.17381,1500000.0,1309999.9428,2018-07-31T12:48:42.716000Z
1.1737700000000002,1.1738,3750000.0,1370000.0048,2018-07-31T12:48:44.789000Z
1.1737700000000002,1.1738,1500000.0,1120000.0048,2018-07-31T12:48:45.400000Z
1.1737700000000002,1.1738,1500000.0,1690000.0572,2018-07-31T12:48:45.935000Z
1.1737700000000002,1.17381,1500000.0,9850000.3815,2018-07-31T12:48:46.507000Z
1.17375,1.1737600000000001,1570000.0525,2250000.0,2018-07-31T12:48:48.569000Z
1.17372,1.17375,4199999.8093,1950000.0477,2018-07-31T12:48:48.622000Z
1.17375,1.1737700000000002,1000000.0,2319999.9332,2018-07-31T12:48:48.912000Z
1.17373,1.1737600000000001,1000000.0,2250000.0,2018-07-31T12:48:49.071000Z
1.17372,1.1737600000000001,4869999.8856,1500000.0,2018-07-31T12:48:49.622000Z
1.17373,1.1737600000000001,1500000.0,2250000.0,2018-07-31T12:48:50.156000Z
1.17373,1.17375,1000000.0,1120000.0048,2018-07-31T12:48:50.793000Z
1.17371,1.17373,2170000.0763,1000000.0,2018-07-31T12:48:50.845000Z
1.17372,1.1737600000000001,1000000.0,3640000.1049,2018-07-31T12:48:50.947000Z
1.17372,1.1737600000000001,2250000.0,4760000.2289,2018-07-31T12:48:51.499000Z
1.17372,1.1737700000000002,5440000.0572,6260000.2289,2018-07-31T12:48:52.021000Z
1.17371,1.17373,1570000.0525,2250000.0,2018-07-31T12:48:52.531000Z
1.17373,1.1737600000000001,1000000.0,4389999.8665,2018-07-31T12:48:52.931000Z
1.17373,1.1737700000000002,1000000.0,7010000.2289,2018-07-31T12:48:53.449000Z
1.17372,1.1737600000000001,3369999.8856,1570000.0525,2018-07-31T12:48:53.998000Z
1.1737,1.17374,5769999.9809,1000000.0,2018-07-31T12:48:55.190000Z
1.1737,1.17372,1450000.0477,1000000.0,2018-07-31T12:48:55.509000Z
1.17368,1.17371,1000000.0,1120000.0048,2018-07-31T12:48:55.720000Z
1.17371,1.17372,1120000.0048,1000000.0,2018-07-31T12:48:55.975000Z
1.17368,1.17371,3750000.0,1000000.0,2018-07-31T12:48:56.080000Z
1.17368,1.17371,1500000.0,1120000.0048,2018-07-31T12:48:56.625000Z
1.1736700000000002,1.17371,1120000.0048,7570000.1717,2018-07-31T12:48:57.157000Z
1.1736700000000002,1.1737,3369999.8856,1000000.0,2018-07-31T12:48:57.683000Z
1.1736700000000002,1.1736900000000001,2170000.0763,1000000.0,2018-07-31T12:49:00.086000Z
1.1736700000000002,1.1736900000000001,2170000.0763,1000000.0,2018-07-31T12:49:01.296000Z
1.17365,1.1736700000000002,6670000.0763,1000000.0,2018-07-31T12:49:01.692000Z
1.17363,1.1736600000000001,2700000.0477,1500000.0,2018-07-31T12:49:01.848000Z
1.17361,1.17362,3519999.9809,2619999.8856,2018-07-31T12:49:02.213000Z
1.17361,1.17364,3450000.0477,1500000.0,2018-07-31T12:49:02.265000Z
1.1736,1.17362,2700000.0477,1000000.0,2018-07-31T12:49:02.318000Z
1.17359,1.17361,1200000.0477,1500000.0,2018-07-31T12:49:02.422000Z
1.17359,1.1736,1100000.0238,1000000.0,2018-07-31T12:49:02.928000Z
1.17358,1.1736,1200000.0477,1000000.0,2018-07-31T12:49:03.500000Z
1.17361,1.17363,1120000.0048,7119999.8856,2018-07-31T12:49:03.707000Z
1.17362,1.17364,3069999.9332,1000000.0,2018-07-31T12:49:03.812000Z
1.17362,1.17364,3069999.9332,1000000.0,2018-07-31T12:49:04.327000Z
1.17362,1.17365,3819999.9332,2250000.0,2018-07-31T12:49:05.758000Z
1.17362,1.17364,1200000.0477,1000000.0,2018-07-31T12:49:06.272000Z
1.17362,1.17364,1240000.0095,1000000.0,2018-07-31T12:49:06.791000Z
1.17359,1.1736,1200000.0477,1000000.0,2018-07-31T12:49:07.110000Z
1.17359,1.17362,9819999.6948,3750000.0,2018-07-31T12:49:07.321000Z
1.17359,1.17363,3819999.9332,2250000.0,2018-07-31T12:49:07.846000Z
1.17358,1.17362,1470000.0286,4309999.9428,2018-07-31T12:49:08.381000Z
1.17358,1.17361,1950000.0477,1000000.0,2018-07-31T12:49:09.033000Z
1.17359,1.17363,1570000.0525,5619999.8856,2018-07-31T12:49:09.403000Z
1.17358,1.17361,1070000.0525,1000000.0,2018-07-31T12:49:09.560000Z
1.1736,1.17363,1120000.0048,2250000.0,2018-07-31T12:49:09.927000Z
1.17361,1.17364,2319999.9332,3750000.0,2018-07-31T12:49:10.386000Z
1.17362,1.17365,1100000.0238,1500000.0,2018-07-31T12:49:10.479000Z
1.17362,1.1736600000000001,1570000.0525,1309999.9428,2018-07-31T12:49:11.042000Z
1.17363,1.17365,1000000.0,1000000.0,2018-07-31T12:49:11.561000Z
1.17363,1.1736600000000001,1000000.0,4760000.2289,2018-07-31T12:49:12.067000Z
1.17362,1.1736600000000001,1870000.0048,3640000.1049,2018-07-31T12:49:12.605000Z
1.17362,1.1736600000000001,6369999.8856,4199999.8093,2018-07-31T12:49:12.877000Z
1.17364,1.1736700000000002,1120000.0048,1950000.0477,2018-07-31T12:49:13.536000Z
1.1736700000000002,1.17371,1000000.0,2849999.9046,2018-07-31T12:49:13.847000Z
1.1736700000000002,1.17372,1120000.0048,11119999.8856,2018-07-31T12:49:14.350000Z
1.1736700000000002,1.17372,2250000.0,6820000.1717,2018-07-31T12:49:14.878000Z
1.1736900000000001,1.17372,1000000.0,2700000.0477,2018-07-31T12:49:17.408000Z
1.1736700000000002,1.17371,3000000.0,4199999.8093,2018-07-31T12:49:17.968000Z
1.1736700000000002,1.17371,2250000.0,1950000.0477,2018-07-31T12:49:18.573000Z
1.1736700000000002,1.17371,1120000.0048,6449999.8093,2018-07-31T12:49:19.108000Z
1.1736700000000002,1.1737,1120000.0048,1200000.0477,2018-07-31T12:49:19.681000Z
1.1736700000000002,1.17371,2000000.0,4199999.8093,2018-07-31T12:49:20.291000Z
1.1737,1.17373,4500000.0,2700000.0477,2018-07-31T12:49:24.312000Z
1.17371,1.17375,5809999.9428,5139999.8665,2018-07-31T12:49:24.582000Z
1.17372,1.17375,1000000.0,1100000.0238,2018-07-31T12:49:25.145000Z
1.17372,1.1737600000000001,1870000.0048,1570000.0525,2018-07-31T12:49:26.153000Z
1.17372,1.17375,1870000.0048,1000000.0,2018-07-31T12:49:26.743000Z
1.17372,1.1737600000000001,1120000.0048,5699999.8093,2018-07-31T12:49:27.267000Z
1.17372,1.17375,1120000.0048,2250000.0,2018-07-31T12:49:28.489000Z
1.17372,1.1737600000000001,1870000.0048,4199999.8093,2018-07-31T12:49:29.010000Z
1.17372,1.17375,1120000.0048,1000000.0,2018-07-31T12:49:29.521000Z
1.1736900000000001,1.17372,9939999.5804,1000000.0,2018-07-31T12:49:29.678000Z
1.1736700000000002,1.17371,2250000.0,2700000.0477,2018-07-31T12:49:29.851000Z
1.1736700000000002,1.1737,3750000.0,1000000.0,2018-07-31T12:49:30.711000Z
1.1736700000000002,1.1736900000000001,3750000.0,1000000.0,2018-07-31T12:49:31.231000Z
1.1736700000000002,1.1737,3000000.0,1000000.0,2018-07-31T12:49:31.766000Z
1.1736700000000002,1.17371,3190000.0572,3069999.9332,2018-07-31T12:49:32.293000Z
1.1736700000000002,1.1737,3190000.0572,2250000.0,2018-07-31T12:49:32.964000Z
1.1736700000000002,1.17371,4690000.0572,5320000.1717,2018-07-31T12:49:33.634000Z
1.1737,1.17371,1000000.0,1100000.0238,2018-07-31T12:49:33.974000Z
1.17371,1.17373,4119999.8856,1500000.0,2018-07-31T12:49:34.029000Z
1.17371,1.17375,6750000.0,1570000.0525,2018-07-31T12:49:34.239000Z
1.17371,1.17375,3000000.0,1200000.0477,2018-07-31T12:49:34.900000Z
1.17371,1.17374,6000000.0,1100000.0238,2018-07-31T12:49:35.419000Z
1.17371,1.1737600000000001,3069999.9332,6260000.2289,2018-07-31T12:49:36.204000Z
1.17371,1.17374,4500000.0,1000000.0,2018-07-31T12:49:38.041000Z
1.17371,1.17375,3000000.0,2319999.9332,2018-07-31T12:49:38.559000Z
1.17371,1.17374,3000000.0,1200000.0477,2018-07-31T12:49:38.764000Z
1.17371,1.17375,3750000.0,2700000.0477,2018-07-31T12:49:39.122000Z
1.17372,1.17375,1690000.0572,1690000.0572,2018-07-31T12:49:39.174000Z
1.17371,1.1737600000000001,4500000.0,2509999.9905,2018-07-31T12:49:39.675000Z
1.17371,1.1737600000000001,3750000.0,11329999.9237,2018-07-31T12:49:40.652000Z
1.1737,1.17373,1500000.0,3680000.0668,2018-07-31T12:49:40.756000Z
1.1736900000000001,1.17371,1120000.0048,1500000.0,2018-07-31T12:49:41.075000Z
1.1736900000000001,1.17372,1120000.0048,7010000.2289,2018-07-31T12:49:41.613000Z
1.1736900000000001,1.17371,2619999.8856,1000000.0,2018-07-31T12:49:42.329000Z
1.1736700000000002,1.17372,3559999.9428,5510000.2289,2018-07-31T12:49:43.449000Z
1.1736700000000002,1.17371,6190000.0572,1000000.0,2018-07-31T12:49:44.584000Z
1.1736700000000002,1.17372,6190000.0572,8699999.8093,2018-07-31T12:49:45.414000Z
1.17371,1.17375,3000000.0,4949999.8093,2018-07-31T12:49:45.733000Z
1.17372,1.17374,1000000.0,1100000.0238,2018-07-31T12:49:46.269000Z
1.17371,1.17375,3750000.0,3069999.9332,2018-07-31T12:49:46.816000Z
1.17372,1.17375,1000000.0,3819999.9332,2018-07-31T12:49:47.503000Z
1.17371,1.17375,1870000.0048,3069999.9332,2018-07-31T12:49:48.106000Z
1.17371,1.17375,4119999.8856,1200000.0477,2018-07-31T12:49:48.646000Z
1.17371,1.17375,1870000.0048,2890000.1049,2018-07-31T12:49:49.262000Z
1.17371,1.17372,2250000.0,1500000.0,2018-07-31T12:49:49.744000Z
1.17371,1.17374,1500000.0,3640000.1049,2018-07-31T12:49:49.905000Z
1.17371,1.17374,3369999.8856,3450000.0477,2018-07-31T12:49:51.784000Z
1.1737,1.17374,2250000.0,1570000.0525,2018-07-31T12:49:52.296000Z
1.1737,1.17374,5809999.9428,1700000.0477,2018-07-31T12:49:52.864000Z
1.1737,1.17374,8140000.3433,1700000.0477,2018-07-31T12:49:53.340000Z
1.1737,1.17373,4119999.8856,3819999.9332,2018-07-31T12:49:53.393000Z
1.1737,1.17373,5440000.0572,2140000.1049,2018-07-31T12:49:53.917000Z
1.17371,1.17373,1190000.0572,2890000.1049,2018-07-31T12:49:54.451000Z
1.1737,1.17374,1870000.0048,3299999.9523,2018-07-31T12:49:55.127000Z
1.1737,1.17371,1120000.0048,1500000.0,2018-07-31T12:49:55.235000Z
1.1736700000000002,1.1737,4570000.1717,1200000.0477,2018-07-31T12:49:55.289000Z
1.1736600000000001,1.1737,4690000.0572,1100000.0238,2018-07-31T12:49:57.201000Z
1.17364,1.1736600000000001,1570000.0525,1500000.0,2018-07-31T12:49:58.432000Z
1.17362,1.17365,1120000.0048,2440000.0572,2018-07-31T12:49:58.540000Z
1.1736,1.17363,3750000.0,5440000.0572,2018-07-31T12:49:58.997000Z
1.17359,1.17361,1299999.9523,2470000.0286,2018-07-31T12:49:59.103000Z
1.1735600000000002,1.17358,1870000.0048,2700000.0477,2018-07-31T12:49:59.157000Z
1.17354,1.1735700000000002,1759999.9905,1500000.0,2018-07-31T12:49:59.211000Z
1.17351,1.1735700000000002,13390000.3433,4760000.2289,2018-07-31T12:49:59.413000Z
1.17354,1.1735700000000002,1500000.0,1759999.9905,2018-07-31T12:49:59.515000Z
1.1735600000000002,1.17359,1000000.0,1070000.0525,2018-07-31T12:49:59.946000Z
1.1735600000000002,1.1736,1000000.0,1570000.0525,2018-07-31T12:50:00.051000Z
1.1735700000000002,1.1736,1000000.0,4389999.8665,2018-07-31T12:50:00.620000Z
1.17355,1.1735700000000002,3369999.8856,1000000.0,2018-07-31T12:50:00.672000Z
1.1735200000000001,1.1735600000000002,2619999.8856,1570000.0525,2018-07-31T12:50:01.197000Z
1.17354,1.17358,1250000.0,1950000.0477,2018-07-31T12:50:01.699000Z
1.17353,1.17355,1500000.0,1500000.0,2018-07-31T12:50:03.107000Z
1.17351,1.17355,14319999.6948,1000000.0,2018-07-31T12:50:03.160000Z
1.17351,1.17353,3000000.0,1500000.0,2018-07-31T12:50:03.214000Z
1.17348,1.1735200000000001,3750000.0,6070000.1717,2018-07-31T12:50:03.374000Z
1.1735,1.17353,1000000.0,6070000.1717,2018-07-31T12:50:03.645000Z
1.17353,1.1735700000000002,1350000.0238,3819999.9332,2018-07-31T12:50:03.697000Z
1.17351,1.1735700000000002,9260000.2289,1950000.0477,2018-07-31T12:50:04.235000Z
1.17351,1.1735600000000002,7800000.1907,2250000.0,2018-07-31T12:50:04.406000Z
1.1735200000000001,1.1735600000000002,1000000.0,1500000.0,2018-07-31T12:50:04.922000Z
1.17351,1.1735700000000002,10239999.7711,5320000.1717,2018-07-31T12:50:05.435000Z
1.17355,1.1735700000000002,3369999.8856,1200000.0477,2018-07-31T12:50:05.909000Z
1.1735600000000002,1.1736,1100000.0238,1950000.0477,2018-07-31T12:50:06.088000Z
1.1735700000000002,1.1736,1000000.0,2250000.0,2018-07-31T12:50:06.606000Z
1.1735600000000002,1.17361,4690000.0572,1950000.0477,2018-07-31T12:50:07.128000Z
1.1735600000000002,1.17362,7389999.8665,10569999.6948,2018-07-31T12:50:07.717000Z
1.1735600000000002,1.17361,4389999.8665,1009999.9905,2018-07-31T12:50:08.259000Z
1.17355,1.1735700000000002,2440000.0572,1120000.0048,2018-07-31T12:50:08.366000Z
1.17353,1.1735600000000002,2319999.9332,2059999.9428,2018-07-31T12:50:08.498000Z
1.1735200000000001,1.1735600000000002,4119999.8856,1500000.0,2018-07-31T12:50:09.516000Z
1.1735600000000002,1.17359,1000000.0,1070000.0525,2018-07-31T12:50:09.778000Z
1.17355,1.1736,8550000.1907,1870000.0048,2018-07-31T12:50:09.885000Z
1.17355,1.17358,1120000.0048,2109999.8951,2018-07-31T12:50:09.939000Z
1.17353,1.17358,6639999.8665,3750000.0,2018-07-31T12:50:10.483000Z
1.1735700000000002,1.17359,1250000.0,1690000.0572,2018-07-31T12:50:12.266000Z
1.1735600000000002,1.1736,2619999.8856,3450000.0477,2018-07-31T12:50:12.318000Z
1.1735700000000002,1.1736,1000000.0,3069999.9332,2018-07-31T12:50:13.142000Z
1.1735600000000002,1.1736,3559999.9428,2250000.0,2018-07-31T12:50:13.688000Z
1.1735700000000002,1.1736,1250000.0,3940000.0572,2018-07-31T12:50:14.234000Z
1.1735600000000002,1.1736,2809999.9428,4119999.8856,2018-07-31T12:50:14.770000Z
1.1735700000000002,1.17361,3000000.0,1000000.0,2018-07-31T12:50:15.316000Z
1.17358,1.17362,1000000.0,9819999.6948,2018-07-31T12:50:15.877000Z
1.1735700000000002,1.17362,1500000.0,3819999.9332,2018-07-31T12:50:16.763000Z
1.1735700000000002,1.17361,3819999.9332,1759999.9905,2018-07-31T12:50:17.276000Z
1.1735700000000002,1.17361,5699999.8093,2140000.1049,2018-07-31T12:50:17.850000Z
1.17361,1.17363,1250000.0,1950000.0477,2018-07-31T12:50:19.099000Z
1.17362,1.1736600000000001,2319999.9332,3849999.9046,2018-07-31T12:50:19.201000Z
1.17361,1.1736600000000001,7420000.0763,1730000.0191,2018-07-31T12:50:19.713000Z
1.17362,1.1736600000000001,1100000.0238,3609999.8951,2018-07-31T12:50:20.252000Z
1.17362,1.1736600000000001,1100000.0238,2250000.0,2018-07-31T12:50:21.182000Z
1.17361,1.17363,3450000.0477,4179999.8283,2018-07-31T12:50:21.235000Z
1.17358,1.17362,9060000.4196,1500000.0,2018-07-31T12:50:21.287000Z
1.17358,1.17361,1370000.0048,3599999.9046,2018-07-31T12:50:21.391000Z
1.1735700000000002,1.17361,1200000.0477,4500000.0,2018-07-31T12:50:21.494000Z
1.1735700000000002,1.17361,1100000.0238,2619999.8856,2018-07-31T12:50:22.003000Z
1.1735700000000002,1.1736,1100000.0238,1120000.0048,2018-07-31T12:50:22.528000Z
1.1735700000000002,1.17361,2319999.9332,3750000.0,2018-07-31T12:50:23.713000Z
1.17358,1.17362,2509999.9905,1570000.0525,2018-07-31T12:50:24.691000Z
1.17358,1.17361,1570000.0525,1500000.0,2018-07-31T12:50:24.942000Z
1.1735700000000002,1.17361,1950000.0477,1500000.0,2018-07-31T12:50:25.444000Z
1.1735600000000002,1.1735700000000002,6000000.0,2099999.9046,2018-07-31T12:50:28.103000Z
1.1735200000000001,1.17354,1000000.0,1000000.0,2018-07-31T12:50:28.210000Z
1.1735,1.17354,3450000.0477,1950000.0477,2018-07-31T12:50:28.370000Z
1.1735200000000001,1.17355,1000000.0,5320000.1717,2018-07-31T12:50:28.424000Z
1.1735200000000001,1.1735600000000002,1100000.0238,1200000.0477,2018-07-31T12:50:28.669000Z
1.17351,1.17355,7949999.8093,1000000.0,2018-07-31T12:50:29.183000Z
1.1735200000000001,1.1735600000000002,2619999.8856,1870000.0048,2018-07-31T12:50:29.714000Z
1.17351,1.17355,3259999.9905,3259999.9905,2018-07-31T12:50:35.193000Z
1.1735,1.1735200000000001,1570000.0525,1000000.0,2018-07-31T12:50:35.300000Z
1.1734700000000002,1.1735200000000001,2809999.9428,5320000.1717,2018-07-31T12:50:35.409000Z
1.1734700000000002,1.1735200000000001,5440000.0572,4199999.8093,2018-07-31T12:50:35.991000Z
1.17348,1.17351,1000000.0,1000000.0,2018-07-31T12:50:36.574000Z
1.1735,1.17353,3750000.0,4949999.8093,2018-07-31T12:50:37.144000Z
1.17351,1.1735600000000002,7010000.2289,1870000.0048,2018-07-31T12:50:37.496000Z
1.17354,1.17358,1120000.0048,6000000.0,2018-07-31T12:50:37.770000Z
1.17353,1.1735700000000002,1100000.0238,5250000.0,2018-07-31T12:50:38.315000Z
1.17353,1.1735700000000002,1000000.0,3940000.0572,2018-07-31T12:50:38.836000Z
1.1735700000000002,1.17361,1200000.0477,6639999.8665,2018-07-31T12:50:39.158000Z
1.1735600000000002,1.17361,4389999.8665,1870000.0048,2018-07-31T12:50:39.706000Z
1.1735700000000002,1.17361,1100000.0238,3000000.0,2018-07-31T12:50:40.231000Z
1.1735600000000002,1.17361,3259999.9905,2619999.8856,2018-07-31T12:50:43.257000Z
1.17361,1.17363,1250000.0,1070000.0525,2018-07-31T12:50:43.561000Z
1.17361,1.17365,1389999.9857,1000000.0,2018-07-31T12:50:43.664000Z
1.17361,1.17364,3069999.9332,3000000.0,2018-07-31T12:50:44.181000Z
1.1736,1.17363,1690000.0572,3190000.0572,2018-07-31T12:50:44.233000Z
1.1735700000000002,1.17362,4199999.8093,3369999.8856,2018-07-31T12:50:44.336000Z
1.17362,1.17365,1000000.0,6369999.8856,2018-07-31T12:50:44.506000Z
1.17361,1.17365,1000000.0,2440000.0572,2018-07-31T12:50:45.080000Z
1.17358,1.17362,1120000.0048,6940000.0572,2018-07-31T12:50:45.395000Z
1.17362,1.1736600000000001,2809999.9428,6559999.9428,2018-07-31T12:50:45.721000Z
1.17363,1.1736700000000002,3450000.0477,3190000.0572,2018-07-31T12:50:46.037000Z
1.17363,1.17364,1950000.0477,1500000.0,2018-07-31T12:50:46.757000Z
1.17358,1.17362,4010000.2289,2059999.9428,2018-07-31T12:50:46.860000Z
1.1736,1.17364,1570000.0525,1350000.0238,2018-07-31T12:50:47.058000Z
1.17361,1.17363,1250000.0,5400000.0954,2018-07-31T12:50:47.117000Z
1.17358,1.17362,1100000.0238,1309999.9428,2018-07-31T12:50:47.381000Z
1.1735700000000002,1.17361,2700000.0477,3369999.8856,2018-07-31T12:50:47.434000Z
1.1735600000000002,1.1736,1000000.0,4500000.0,2018-07-31T12:50:47.680000Z
1.17355,1.17359,11510000.2289,1000000.0,2018-07-31T12:50:48.319000Z
1.17355,1.1736,3259999.9905,1120000.0048,2018-07-31T12:50:48.851000Z
1.1735600000000002,1.17361,1200000.0477,6190000.0572,2018-07-31T12:50:49.358000Z
1.1735600000000002,1.17359,2319999.9332,1000000.0,2018-07-31T12:50:49.903000Z
1.17354,1.1735700000000002,2319999.9332,4500000.0,2018-07-31T12:50:51.292000Z
1.17354,1.1735600000000002,1100000.0238,3000000.0,2018-07-31T12:50:51.344000Z
1.1735200000000001,1.1735600000000002,3069999.9332,2250000.0,2018-07-31T12:50:51.448000Z
1.17351,1.17354,2319999.9332,2250000.0,2018-07-31T12:50:52.301000Z
1.17351,1.1735600000000002,1570000.0525,13989999.7711,2018-07-31T12:50:52.600000Z
1.17351,1.17355,2509999.9905,1120000.0048,2018-07-31T12:50:53.219000Z
1.1735200000000001,1.17355,1950000.0477,1120000.0048,2018-07-31T12:50:54.596000Z
1.1735200000000001,1.17355,2440000.0572,1120000.0048,2018-07-31T12:50:55.191000Z
1.17354,1.17358,1870000.0048,4119999.8856,2018-07-31T12:50:55.448000Z
1.1735600000000002,1.17358,1000000.0,1000000.0,2018-07-31T12:50:55.501000Z
1.17354,1.17358,2509999.9905,1120000.0048,2018-07-31T12:50:55.707000Z
1.17353,1.1735700000000002,3819999.9332,3190000.0572,2018-07-31T12:50:56.144000Z
1.1735200000000001,1.17355,2319999.9332,4500000.0,2018-07-31T12:50:56.302000Z
1.1735200000000001,1.17355,1950000.0477,4119999.8856,2018-07-31T12:50:56.846000Z
1.1735200000000001,1.1735600000000002,1500000.0,1500000.0,2018-07-31T12:50:57.620000Z
1.1735200000000001,1.17355,2250000.0,1000000.0,2018-07-31T12:50:58.158000Z
1.1735200000000001,1.17354,1500000.0,1000000.0,2018-07-31T12:50:58.672000Z
1.1735200000000001,1.17355,1500000.0,1250000.0,2018-07-31T12:50:59.197000Z
1.17351,1.1735200000000001,1200000.0477,3970000.0286,2018-07-31T12:51:00.082000Z
1.17348,1.17351,1120000.0048,1000000.0,2018-07-31T12:51:00.138000Z
1.17348,1.1735200000000001,1570000.0525,6449999.8093,2018-07-31T12:51:02.867000Z
1.17348,1.17349,1000000.0,2250000.0,2018-07-31T12:51:03.896000Z
1.17348,1.17351,1120000.0048,1500000.0,2018-07-31T12:51:04.288000Z
1.17348,1.1735200000000001,1870000.0048,8510000.2289,2018-07-31T12:51:04.800000Z
1.17349,1.17353,1190000.0572,3819999.9332,2018-07-31T12:51:05.189000Z
1.17351,1.17355,1000000.0,3369999.8856,2018-07-31T12:51:05.702000Z
1.17351,1.17355,1120000.0048,1120000.0048,2018-07-31T12:51:06.417000Z
1.1735200000000001,1.17355,1500000.0,1000000.0,2018-07-31T12:51:06.924000Z
1.17351,1.17354,1000000.0,1120000.0048,2018-07-31T12:51:07.475000Z
1.17351,1.17355,1000000.0,3490000.0095,2018-07-31T12:51:07.986000Z
1.1735,1.17353,2619999.8856,1500000.0,2018-07-31T12:51:08.377000Z
1.1735,1.17354,1120000.0048,1500000.0,2018-07-31T12:51:10.364000Z
1.17349,1.17353,1570000.0525,3000000.0,2018-07-31T12:51:10.950000Z
1.17349,1.1735200000000001,1200000.0477,1250000.0,2018-07-31T12:51:11.543000Z
1.17348,1.17351,2319999.9332,1500000.0,2018-07-31T12:51:12.203000Z
1.1735,1.17354,1500000.0,4800000.1907,2018-07-31T12:51:12.460000Z
1.1735,1.17353,1200000.0477,2619999.8856,2018-07-31T12:51:12.564000Z
1.17349,1.1735200000000001,1570000.0525,1120000.0048,2018-07-31T12:51:12.615000Z
1.17349,1.17351,1000000.0,1000000.0,2018-07-31T12:51:13.546000Z
1.1734700000000002,1.17351,3640000.1049,3000000.0,2018-07-31T12:51:14.075000Z
1.1734700000000002,1.1735,4949999.8093,1000000.0,2018-07-31T12:51:14.623000Z
1.17345,1.17348,5889999.8665,1000000.0,2018-07-31T12:51:14.777000Z
1.1734600000000002,1.1735,6639999.8665,3000000.0,2018-07-31T12:51:14.879000Z
1.1734600000000002,1.17348,2700000.0477,1500000.0,2018-07-31T12:51:15.401000Z
1.17344,1.1734700000000002,6449999.8093,1500000.0,2018-07-31T12:51:15.453000Z
1.17345,1.1734700000000002,1000000.0,2250000.0,2018-07-31T12:51:15.956000Z
1.17344,1.1734700000000002,1950000.0477,1500000.0,2018-07-31T12:51:16.900000Z
1.1734200000000001,1.1734700000000002,8699999.8093,6750000.0,2018-07-31T12:51:17.532000Z
1.1734200000000001,1.1734600000000002,1120000.0048,1950000.0477,2018-07-31T12:51:18.082000Z
1.1734,1.1734200000000001,8319999.6948,1500000.0,2018-07-31T12:51:18.538000Z
1.17333,1.1733600000000002,1500000.0,1000000.0,2018-07-31T12:51:18.823000Z
1.17333,1.17338,2140000.1049,5619999.8856,2018-07-31T12:51:19.333000Z
1.1733600000000002,1.17339,1500000.0,1500000.0,2018-07-31T12:51:19.437000Z
1.1733500000000001,1.1734,3640000.1049,3369999.8856,2018-07-31T12:51:20.174000Z
1.17334,1.17337,1870000.0048,1570000.0525,2018-07-31T12:51:20.504000Z
1.1733500000000001,1.17337,3450000.0477,1000000.0,2018-07-31T12:51:21.197000Z
1.1733500000000001,1.17339,1870000.0048,12189999.5804,2018-07-31T12:51:21.619000Z
1.17333,1.1733600000000002,1500000.0,13880000.1144,2018-07-31T12:51:21.983000Z
1.17331,1.17333,1100000.0238,1500000.0,2018-07-31T12:51:22.407000Z
1.17327,1.1733,1870000.0048,1000000.0,2018-07-31T12:51:22.646000Z
1.1732600000000002,1.17327,1100000.0238,1000000.0,2018-07-31T12:51:25.235000Z
1.17324,1.17327,1120000.0048,3000000.0,2018-07-31T12:51:25.338000Z
1.1732600000000002,1.17329,1870000.0048,6000000.0,2018-07-31T12:51:25.441000Z
1.1732600000000002,1.17329,1950000.0477,1870000.0048,2018-07-31T12:51:25.985000Z
1.1732600000000002,1.17329,2250000.0,3190000.0572,2018-07-31T12:51:26.290000Z
1.1732500000000001,1.1732799999999999,2250000.0,1000000.0,2018-07-31T12:51:26.343000Z
1.1732500000000001,1.17329,2250000.0,4949999.8093,2018-07-31T12:51:26.864000Z
1.1732600000000002,1.1733,4500000.0,6639999.8665,2018-07-31T12:51:27.840000Z
1.1732600000000002,1.17331,4199999.8093,4010000.2289,2018-07-31T12:51:28.385000Z
1.1732600000000002,1.1733,2319999.9332,1309999.9428,2018-07-31T12:51:28.932000Z
1.1732600000000002,1.1733,2509999.9905,1309999.9428,2018-07-31T12:51:29.498000Z
1.1732600000000002,1.17331,1759999.9905,7309999.9428,2018-07-31T12:51:30.382000Z
1.1732600000000002,1.1733,1009999.9905,1870000.0048,2018-07-31T12:51:30.656000Z
1.1732600000000002,1.1733,1759999.9905,2809999.9428,2018-07-31T12:51:31.369000Z
1.1732600000000002,1.1733,4010000.2289,1000000.0,2018-07-31T12:51:31.612000Z
1.1732600000000002,1.1733,5699999.8093,1120000.0048,2018-07-31T12:51:31.717000Z
1.1732600000000002,1.17331,1759999.9905,3750000.0,2018-07-31T12:51:32.220000Z
1.1732600000000002,1.1733,3259999.9905,1870000.0048,2018-07-31T12:51:32.786000Z
1.1732600000000002,1.17329,1100000.0238,1370000.0048,2018-07-31T12:51:33.322000Z
1.17324,1.17327,2700000.0477,3750000.0,2018-07-31T12:51:33.630000Z
1.17323,1.17327,3069999.9332,3000000.0,2018-07-31T12:51:33.784000Z
1.1732200000000002,1.1732600000000002,4949999.8093,1120000.0048,2018-07-31T12:51:34.612000Z
1.1732200000000002,1.1732600000000002,1200000.0477,3750000.0,2018-07-31T12:51:35.124000Z
1.17323,1.1732600000000002,1000000.0,4119999.8856,2018-07-31T12:51:36.310000Z
1.1732200000000002,1.1732600000000002,2319999.9332,3000000.0,2018-07-31T12:51:36.834000Z
1.17324,1.17327,1100000.0238,1570000.0525,2018-07-31T12:51:37.982000Z
1.17323,1.17327,4570000.1717,1500000.0,2018-07-31T12:51:38.500000Z
1.17323,1.17327,1250000.0,7869999.8856,2018-07-31T12:51:38.834000Z
1.1732200000000002,1.17327,1289999.9619,3369999.8856,2018-07-31T12:51:39.720000Z
1.17323,1.17327,3670000.0763,3369999.8856,2018-07-31T12:51:40.241000Z
1.1732200000000002,1.1732600000000002,9109999.6567,3750000.0,2018-07-31T12:51:40.556000Z
1.17321,1.17324,7199999.8093,1120000.0048,2018-07-31T12:51:41.611000Z
1.1731600000000002,1.1732,5320000.1717,1370000.0048,2018-07-31T12:51:41.799000Z
1.17317,1.1732,2700000.0477,1350000.0238,2018-07-31T12:51:41.905000Z
1.17318,1.1732200000000002,1950000.0477,1850000.0238,2018-07-31T12:51:42.012000Z
1.17317,1.17321,5320000.1717,2440000.0572,2018-07-31T12:51:43.015000Z
1.17318,1.1732200000000002,1009999.9905,5250000.0,2018-07-31T12:51:43.535000Z
1.17318,1.1732200000000002,4760000.2289,4690000.0572,2018-07-31T12:51:44.351000Z
1.1732200000000002,1.17323,1000000.0,1000000.0,2018-07-31T12:51:44.633000Z
1.1732200000000002,1.1732500000000001,2890000.1049,1100000.0238,2018-07-31T12:51:44.838000Z
1.17321,1.1732200000000002,2700000.0477,6750000.0,2018-07-31T12:51:44.889000Z
1.1732,1.1732200000000002,4500000.0,7719999.7902,2018-07-31T12:51:44.941000Z
1.17311,1.17313,15449999.8093,2619999.8856,2018-07-31T12:51:44.992000Z
1.1729500000000002,1.17299,2700000.0477,3000000.0,2018-07-31T12:51:45.290000Z
1.1729500000000002,1.17299,3559999.9428,2440000.0572,2018-07-31T12:51:45.342000Z
1.17294,1.17297,3259999.9905,1750000.0,2018-07-31T12:51:45.450000Z
1.1729200000000002,1.17296,2140000.1049,3750000.0,2018-07-31T12:51:45.756000Z
1.17293,1.17297,1870000.0048,1120000.0048,2018-07-31T12:51:46.071000Z
1.17296,1.17298,1120000.0048,2319999.9332,2018-07-31T12:51:46.390000Z
1.1729500000000002,1.173,4010000.2289,7389999.8665,2018-07-31T12:51:46.823000Z
1.17298,1.17301,3750000.0,3819999.9332,2018-07-31T12:51:47.155000Z
1.17296,1.17301,5510000.2289,1950000.0477,2018-07-31T12:51:47.673000Z
1.17296,1.17301,2660000.0858,4199999.8093,2018-07-31T12:51:48.113000Z
1.17296,1.17299,4159999.8474,1120000.0048,2018-07-31T12:51:48.654000Z
1.1729500000000002,1.17299,4500000.0,6639999.8665,2018-07-31T12:51:49.053000Z
1.1729100000000001,1.1729500000000002,1690000.0572,3450000.0477,2018-07-31T12:51:49.298000Z
1.1729100000000001,1.1729500000000002,2440000.0572,1120000.0048,2018-07-31T12:51:49.850000Z
1.1729100000000001,1.17294,3750000.0,1500000.0,2018-07-31T12:51:50.165000Z
1.1729,1.1729100000000001,1000000.0,1120000.0048,2018-07-31T12:51:50.668000Z
1.17289,1.1729200000000002,2250000.0,1500000.0,2018-07-31T12:51:51.238000Z
1.1729,1.1729200000000002,1000000.0,1500000.0,2018-07-31T12:51:51.768000Z
1.1729100000000001,1.17293,9189999.5804,1269999.9809,2018-07-31T12:51:52.269000Z
1.17296,1.17298,1000000.0,1460000.0381,2018-07-31T12:51:52.426000Z
1.17293,1.17297,1500000.0,4199999.8093,2018-07-31T12:51:52.586000Z
1.17293,1.17296,1000000.0,1000000.0,2018-07-31T12:51:53.124000Z
1.1729200000000002,1.17296,2700000.0477,1000000.0,2018-07-31T12:51:53.633000Z
1.1729200000000002,1.17296,3640000.1049,1000000.0,2018-07-31T12:51:54.151000Z
1.17294,1.17297,1000000.0,4199999.8093,2018-07-31T12:51:55.709000Z
1.17296,1.17297,1000000.0,1570000.0525,2018-07-31T12:51:55.763000Z
1.17297,1.173,1690000.0572,4309999.9428,2018-07-31T12:51:55.870000Z
1.1729500000000002,1.17297,2700000.0477,1120000.0048,2018-07-31T12:51:55.985000Z
1.17293,1.17297,1950000.0477,3069999.9332,2018-07-31T12:51:56.039000Z
1.1729,1.17294,9109999.6567,2440000.0572,2018-07-31T12:51:56.403000Z
1.1729,1.17293,1000000.0,5510000.2289,2018-07-31T12:51:56.612000Z
1.1729100000000001,1.17293,1759999.9905,1120000.0048,2018-07-31T12:51:57.318000Z
1.1729,1.1729100000000001,4949999.8093,1000000.0,2018-07-31T12:51:57.370000Z
1.1729,1.1729500000000002,6219999.7902,3069999.9332,2018-07-31T12:51:57.524000Z
1.17293,1.1729500000000002,1000000.0,1500000.0,2018-07-31T12:51:57.626000Z
1.1729200000000002,1.17296,1570000.0525,4119999.8856,2018-07-31T12:51:58.380000Z
1.1729500000000002,1.17297,1250000.0,3000000.0,2018-07-31T12:51:58.868000Z
1.17297,1.173,1000000.0,2250000.0,2018-07-31T12:51:58.977000Z
1.1729500000000002,1.173,7199999.8093,1309999.9428,2018-07-31T12:51:59.134000Z
1.1729500000000002,1.17297,1950000.0477,1120000.0048,2018-07-31T12:51:59.344000Z
1.17293,1.17298,2250000.0,3069999.9332,2018-07-31T12:51:59.499000Z
1.1729500000000002,1.17298,1870000.0048,1950000.0477,2018-07-31T12:51:59.760000Z
1.17294,1.17299,6280000.2098,2250000.0,2018-07-31T12:52:00.119000Z
1.17297,1.17301,1690000.0572,4949999.8093,2018-07-31T12:52:00.368000Z
1.17299,1.1730200000000002,1350000.0238,1570000.0525,2018-07-31T12:52:00.684000Z
1.17299,1.17301,1000000.0,1000000.0,2018-07-31T12:52:01.212000Z
1.17299,1.17303,1000000.0,1500000.0,2018-07-31T12:52:01.263000Z
1.17299,1.1730200000000002,1000000.0,1870000.0048,2018-07-31T12:52:01.789000Z
1.17299,1.17304,5889999.8665,5909999.8474,2018-07-31T12:52:02.264000Z
1.1730200000000002,1.1730500000000001,1009999.9905,1250000.0,2018-07-31T12:52:02.542000Z
1.17301,1.17306,4570000.1717,3559999.9428,2018-07-31T12:52:03.062000Z
1.1730200000000002,1.17306,1000000.0,3940000.0572,2018-07-31T12:52:03.580000Z
1.1730200000000002,1.17306,3940000.0572,5440000.0572,2018-07-31T12:52:04.123000Z
1.17301,1.1730500000000001,7090000.1526,1000000.0,2018-07-31T12:52:05.502000Z
1.1730500000000001,1.17306,1250000.0,1000000.0,2018-07-31T12:52:05.873000Z
1.17303,1.17307,3259999.9905,1950000.0477,2018-07-31T12:52:05.927000Z
1.1730200000000002,1.17306,1570000.0525,4010000.2289,2018-07-31T12:52:06.452000Z
1.17301,1.1730200000000002,1200000.0477,1000000.0,2018-07-31T12:52:07.047000Z
1.17299,1.1730200000000002,1120000.0048,1500000.0,2018-07-31T12:52:07.099000Z
1.17299,1.17303,4949999.8093,1500000.0,2018-07-31T12:52:07.654000Z
1.17299,1.1730200000000002,1000000.0,1120000.0048,2018-07-31T12:52:08.300000Z
1.17299,1.17303,1000000.0,1500000.0,2018-07-31T12:52:08.841000Z
1.17298,1.17303,4760000.2289,2250000.0,2018-07-31T12:52:09.352000Z
1.17299,1.1730200000000002,1500000.0,1000000.0,2018-07-31T12:52:10.466000Z
1.17298,1.173,5250000.0,1000000.0,2018-07-31T12:52:10.880000Z
1.17299,1.1730200000000002,1000000.0,3819999.9332,2018-07-31T12:52:11.038000Z
1.17298,1.17301,1309999.9428,1570000.0525,2018-07-31T12:52:11.589000Z
1.17297,1.173,4570000.1717,1500000.0,2018-07-31T12:52:12.093000Z
1.173,1.1730200000000002,1000000.0,1950000.0477,2018-07-31T12:52:12.609000Z
1.17298,1.1730200000000002,7010000.2289,1200000.0477,2018-07-31T12:52:12.662000Z
1.17298,1.17301,3069999.9332,1000000.0,2018-07-31T12:52:13.171000Z
1.17294,1.17299,2769999.9809,1500000.0,2018-07-31T12:52:13.484000Z
1.17293,1.17297,3220000.0286,2619999.8856,2018-07-31T12:52:13.618000Z
1.17293,1.17297,3150000.0954,5619999.8856,2018-07-31T12:52:14.186000Z
1.1729100000000001,1.1729200000000002,1000000.0,1500000.0,2018-07-31T12:52:14.378000Z
1.17289,1.1729200000000002,4869999.8856,1500000.0,2018-07-31T12:52:14.542000Z
1.1729,1.1729200000000002,1500000.0,1500000.0,2018-07-31T12:52:15.103000Z
1.17289,1.17293,3599999.9046,7380000.1144,2018-07-31T12:52:15.746000Z
1.1729,1.17293,1000000.0,6639999.8665,2018-07-31T12:52:16.408000Z
1.1729100000000001,1.17294,2250000.0,1200000.0477,2018-07-31T12:52:16.718000Z
1.17293,1.17296,1000000.0,1309999.9428,2018-07-31T12:52:16.824000Z
1.1729100000000001,1.17294,2319999.9332,2250000.0,2018-07-31T12:52:17.353000Z
1.17288,1.17293,6789999.9619,3940000.0572,2018-07-31T12:52:17.653000Z
1.1729,1.1729200000000002,1500000.0,2250000.0,2018-07-31T12:52:18.245000Z
1.17289,1.1729200000000002,2400000.0954,1500000.0,2018-07-31T12:52:19.067000Z
1.1729200000000002,1.17294,4119999.8856,1000000.0,2018-07-31T12:52:19.607000Z
1.17293,1.17296,3190000.0572,1000000.0,2018-07-31T12:52:19.823000Z
1.1729100000000001,1.17296,6260000.2289,6190000.0572,2018-07-31T12:52:20.087000Z
1.1729200000000002,1.17296,1190000.0572,2619999.8856,2018-07-31T12:52:20.558000Z
1.1729200000000002,1.17294,1100000.0238,1500000.0,2018-07-31T12:52:21.027000Z
1.1729,1.17294,5320000.1717,1120000.0048,2018-07-31T12:52:21.565000Z
1.1729,1.17293,3000000.0,1500000.0,2018-07-31T12:52:22.964000Z
1.17289,1.1729200000000002,2400000.0954,1570000.0525,2018-07-31T12:52:23.221000Z
1.1729,1.1729200000000002,1000000.0,1950000.0477,2018-07-31T12:52:23.775000Z
1.17288,1.1729200000000002,3000000.0,1200000.0477,2018-07-31T12:52:23.879000Z
1.17288,1.1729,1000000.0,1000000.0,2018-07-31T12:52:23.982000Z
1.17283,1.17286,1000000.0,2849999.9046,2018-07-31T12:52:24.205000Z
1.1728200000000002,1.17284,1500000.0,1350000.0238,2018-07-31T12:52:24.260000Z
1.1728,1.17283,1000000.0,10010000.2289,2018-07-31T12:52:24.570000Z
1.1728,1.17283,1419999.9571,1120000.0048,2018-07-31T12:52:24.921000Z
1.1728200000000002,1.17284,1419999.9571,1200000.0477,2018-07-31T12:52:25.229000Z
1.1728200000000002,1.17285,1690000.0572,1250000.0,2018-07-31T12:52:25.281000Z
1.1728200000000002,1.17286,3750000.0,1120000.0048,2018-07-31T12:52:25.809000Z
1.17283,1.17286,1000000.0,1120000.0048,2018-07-31T12:52:26.334000Z
1.1728200000000002,1.17285,2250000.0,1000000.0,2018-07-31T12:52:26.844000Z
1.1728100000000001,1.17283,1000000.0,1000000.0,2018-07-31T12:52:27.271000Z
1.1728,1.1728200000000002,1500000.0,2809999.9428,2018-07-31T12:52:27.828000Z
1.1728100000000001,1.17285,3000000.0,2619999.8856,2018-07-31T12:52:28.372000Z
1.1728200000000002,1.17285,1000000.0,1120000.0048,2018-07-31T12:52:28.528000Z
1.1728100000000001,1.17286,3450000.0477,4570000.1717,2018-07-31T12:52:29.427000Z
1.1728100000000001,1.17284,1950000.0477,1000000.0,2018-07-31T12:52:29.638000Z
1.1728100000000001,1.17286,3450000.0477,6070000.1717,2018-07-31T12:52:30.159000Z
1.1728100000000001,1.17285,4389999.8665,3940000.0572,2018-07-31T12:52:30.785000Z
1.1728100000000001,1.17285,4199999.8093,1500000.0,2018-07-31T12:52:31.323000Z
1.1728100000000001,1.17285,4869999.8856,2700000.0477,2018-07-31T12:52:31.827000Z
1.1728200000000002,1.17285,1000000.0,4199999.8093,2018-07-31T12:52:32.673000Z
1.1728100000000001,1.17286,4949999.8093,5510000.2289,2018-07-31T12:52:33.237000Z
1.1728200000000002,1.17285,1000000.0,1200000.0477,2018-07-31T12:52:33.770000Z
1.1728100000000001,1.17286,3450000.0477,4010000.2289,2018-07-31T12:52:34.399000Z
1.1728200000000002,1.17285,1000000.0,1120000.0048,2018-07-31T12:52:35.667000Z
1.1728100000000001,1.17286,4199999.8093,1570000.0525,2018-07-31T12:52:37.049000Z
1.17286,1.17288,3000000.0,1100000.0238,2018-07-31T12:52:37.448000Z
1.17287,1.1729100000000001,3369999.8856,3000000.0,2018-07-31T12:52:37.550000Z
1.17289,1.1729200000000002,4500000.0,3069999.9332,2018-07-31T12:52:37.602000Z
1.17288,1.1729200000000002,8979999.5422,2250000.0,2018-07-31T12:52:38.211000Z
1.17289,1.1729200000000002,3069999.9332,1120000.0048,2018-07-31T12:52:38.783000Z
1.1729,1.17294,1000000.0,1870000.0048,2018-07-31T12:52:39.306000Z
1.1729,1.1729200000000002,1000000.0,1250000.0,2018-07-31T12:52:39.463000Z
1.1729100000000001,1.17294,1000000.0,1500000.0,2018-07-31T12:52:39.930000Z
1.17293,1.17296,1500000.0,4869999.8856,2018-07-31T12:52:40.033000Z
1.17293,1.17297,1000000.0,2440000.0572,2018-07-31T12:52:41.284000Z
1.17293,1.17296,1000000.0,1500000.0,2018-07-31T12:52:44.317000Z
1.17293,1.17297,1000000.0,1309999.9428,2018-07-31T12:52:44.884000Z
1.17296,1.17297,1000000.0,1879999.9952,2018-07-31T12:52:47.280000Z
1.17297,1.173,1500000.0,3559999.9428,2018-07-31T12:52:47.384000Z
1.17297,1.17301,1100000.0238,9859999.6567,2018-07-31T12:52:47.710000Z
1.17297,1.173,1570000.0525,2250000.0,2018-07-31T12:52:48.254000Z
1.17297,1.17301,1570000.0525,5699999.8093,2018-07-31T12:52:49.486000Z
1.17297,1.173,1950000.0477,1000000.0,2018-07-31T12:52:50.021000Z
1.17297,1.17301,1759999.9905,3450000.0477,2018-07-31T12:52:50.547000Z
1.17299,1.1730200000000002,1500000.0,1200000.0477,2018-07-31T12:52:50.599000Z
1.17299,1.17303,1120000.0048,3000000.0,2018-07-31T12:52:50.651000Z
1.17299,1.17303,1000000.0,7010000.2289,2018-07-31T12:52:50.957000Z
1.17299,1.1730200000000002,1000000.0,1120000.0048,2018-07-31T12:52:51.976000Z
1.17299,1.17303,1000000.0,4500000.0,2018-07-31T12:52:52.916000Z
1.17299,1.17303,1000000.0,13569999.6948,2018-07-31T12:52:53.266000Z
1.17299,1.17303,1000000.0,13760000.2289,2018-07-31T12:52:54.063000Z
1.17299,1.17303,1000000.0,5139999.8665,2018-07-31T12:52:54.748000Z
1.17299,1.17303,1000000.0,11130000.1144,2018-07-31T12:52:55.254000Z
1.17299,1.17303,1120000.0048,3299999.9523,2018-07-31T12:52:57.349000Z
1.1730200000000002,1.1730500000000001,1120000.0048,1100000.0238,2018-07-31T12:52:57.664000Z
1.17303,1.17307,1500000.0,10949999.8093,2018-07-31T12:52:58.101000Z
1.17304,1.17307,5250000.0,2250000.0,2018-07-31T12:52:58.261000Z
1.1730500000000001,1.17308,1120000.0048,1950000.0477,2018-07-31T12:52:58.786000Z
1.17304,1.17307,1000000.0,1870000.0048,2018-07-31T12:52:59.333000Z
1.17304,1.17307,1000000.0,2059999.9428,2018-07-31T12:53:00.181000Z
1.17303,1.17307,1870000.0048,2440000.0572,2018-07-31T12:53:00.722000Z
1.1730500000000001,1.17309,1570000.0525,3450000.0477,2018-07-31T12:53:01.279000Z
1.1730500000000001,1.17309,1289999.9619,5139999.8665,2018-07-31T12:53:01.796000Z
1.1730500000000001,1.17308,1289999.9619,1309999.9428,2018-07-31T12:53:02.352000Z
1.17304,1.17307,3819999.9332,1000000.0,2018-07-31T12:53:02.801000Z
1.17303,1.17306,5619999.8856,1000000.0,2018-07-31T12:53:03.334000Z
1.1730500000000001,1.17308,1000000.0,1000000.0,2018-07-31T12:53:03.950000Z
1.17304,1.17309,3069999.9332,7050000.1907,2018-07-31T12:53:04.473000Z
1.1730500000000001,1.17309,1500000.0,3000000.0,2018-07-31T12:53:05.008000Z
1.1730500000000001,1.1731,1120000.0048,9069999.6948,2018-07-31T12:53:05.731000Z
1.1730500000000001,1.17308,4869999.8856,1000000.0,2018-07-31T12:53:05.888000Z
1.1730500000000001,1.17307,1120000.0048,1000000.0,2018-07-31T12:53:06.690000Z
1.17304,1.17309,2440000.0572,4389999.8665,2018-07-31T12:53:07.192000Z
1.1730500000000001,1.17307,1120000.0048,1000000.0,2018-07-31T12:53:07.753000Z
1.17304,1.17307,2250000.0,2250000.0,2018-07-31T12:53:08.418000Z
1.17304,1.17308,1000000.0,6820000.1717,2018-07-31T12:53:08.959000Z
1.17304,1.17307,1500000.0,1000000.0,2018-07-31T12:53:09.573000Z
1.17306,1.1731,1000000.0,9300000.1907,2018-07-31T12:53:09.836000Z
1.17306,1.17308,1000000.0,1000000.0,2018-07-31T12:53:10.084000Z
1.17304,1.17308,4389999.8665,4760000.2289,2018-07-31T12:53:10.473000Z
1.17304,1.17308,1000000.0,4199999.8093,2018-07-31T12:53:11.301000Z
1.17304,1.17307,1000000.0,1500000.0,2018-07-31T12:53:11.805000Z
1.1730500000000001,1.17309,1309999.9428,7199999.8093,2018-07-31T12:53:12.069000Z
1.1730500000000001,1.17307,2059999.9428,1190000.0572,2018-07-31T12:53:12.175000Z
1.17303,1.17307,3819999.9332,1000000.0,2018-07-31T12:53:12.799000Z
1.17303,1.17307,3940000.0572,1190000.0572,2018-07-31T12:53:13.535000Z
1.17303,1.17307,1500000.0,1690000.0572,2018-07-31T12:53:14.050000Z
1.1730500000000001,1.17308,1000000.0,1870000.0048,2018-07-31T12:53:14.688000Z
1.17308,1.17311,1000000.0,1200000.0477,2018-07-31T12:53:15.006000Z
1.17307,1.1731200000000002,6449999.8093,5510000.2289,2018-07-31T12:53:15.600000Z
1.17309,1.1731200000000002,1500000.0,3819999.9332,2018-07-31T12:53:16.098000Z
1.17311,1.17314,1250000.0,4389999.8665,2018-07-31T12:53:16.412000Z
1.17311,1.1731500000000001,2250000.0,3000000.0,2018-07-31T12:53:16.464000Z
1.1731200000000002,1.1731600000000002,1500000.0,8319999.6948,2018-07-31T12:53:16.517000Z
1.17317,1.17318,2619999.8856,5320000.1717,2018-07-31T12:53:18.730000Z
1.17319,1.1732200000000002,1500000.0,2319999.9332,2018-07-31T12:53:18.835000Z
1.17318,1.17321,1120000.0048,1120000.0048,2018-07-31T12:53:18.995000Z
1.1731600000000002,1.17319,3450000.0477,1870000.0048,2018-07-31T12:53:19.048000Z
1.17313,1.17317,3559999.9428,4690000.0572,2018-07-31T12:53:19.384000Z
1.17313,1.17317,1309999.9428,5619999.8856,2018-07-31T12:53:20.856000Z
1.1731200000000002,1.1731600000000002,4010000.2289,1950000.0477,2018-07-31T12:53:21.446000Z
1.17313,1.1731600000000002,1000000.0,1950000.0477,2018-07-31T12:53:21.991000Z
1.1731200000000002,1.17317,2509999.9905,5320000.1717,2018-07-31T12:53:23.207000Z
1.17313,1.17317,1250000.0,4949999.8093,2018-07-31T12:53:24.089000Z
1.1731500000000001,1.17317,2250000.0,1100000.0238,2018-07-31T12:53:24.731000Z
1.1731600000000002,1.1732,1000000.0,3450000.0477,2018-07-31T12:53:24.836000Z
1.17314,1.17319,4119999.8856,6070000.1717,2018-07-31T12:53:25Z
1.17313,1.17317,2250000.0,3819999.9332,2018-07-31T12:53:25.107000Z
1.1731200000000002,1.17317,3640000.1049,2509999.9905,2018-07-31T12:53:25.676000Z
1.1731500000000001,1.17317,3750000.0,1570000.0525,2018-07-31T12:53:25.982000Z
1.17313,1.17317,1870000.0048,4690000.0572,2018-07-31T12:53:26.136000Z
1.17314,1.17318,2250000.0,6150000.0954,2018-07-31T12:53:27.997000Z
1.17313,1.17317,4309999.9428,2140000.1049,2018-07-31T12:53:28.541000Z
1.17313,1.17317,1000000.0,1950000.0477,2018-07-31T12:53:32.041000Z
1.1731500000000001,1.17317,2250000.0,2140000.1049,2018-07-31T12:53:34.287000Z
1.1731500000000001,1.17318,2250000.0,4010000.2289,2018-07-31T12:53:34.788000Z
1.17313,1.17318,3369999.8856,6639999.8665,2018-07-31T12:53:35.322000Z
1.17313,1.17318,2440000.0572,4010000.2289,2018-07-31T12:53:35.861000Z
1.17313,1.17318,4869999.8856,3640000.1049,2018-07-31T12:53:36.785000Z
1.17313,1.17318,5059999.9428,6449999.8093,2018-07-31T12:53:37.311000Z
1.17314,1.17317,1120000.0048,1500000.0,2018-07-31T12:53:38.287000Z
1.17313,1.17317,4309999.9428,1370000.0048,2018-07-31T12:53:39.061000Z
1.17313,1.17317,3940000.0572,1000000.0,2018-07-31T12:53:39.605000Z
1.17314,1.17317,1000000.0,1000000.0,2018-07-31T12:53:40.203000Z
1.17313,1.17317,3000000.0,1000000.0,2018-07-31T12:53:41.011000Z
1.17314,1.17317,1500000.0,2250000.0,2018-07-31T12:53:41.966000Z
1.17314,1.17318,3819999.9332,2700000.0477,2018-07-31T12:53:44.473000Z
1.17314,1.17319,6940000.0572,2700000.0477,2018-07-31T12:53:47.099000Z
1.1731600000000002,1.1732,3259999.9905,4949999.8093,2018-07-31T12:53:47.610000Z
1.1731600000000002,1.1732,2890000.1049,5320000.1717,2018-07-31T12:53:48.319000Z
1.17317,1.17321,1120000.0048,3819999.9332,2018-07-31T12:53:48.993000Z
1.17319,1.17321,1000000.0,1500000.0,2018-07-31T12:53:49.407000Z
1.17319,1.1732,1000000.0,1000000.0,2018-07-31T12:53:49.927000Z
1.17319,1.1732200000000002,1000000.0,6070000.1717,2018-07-31T12:53:50.128000Z
1.17319,1.17321,1000000.0,1120000.0048,2018-07-31T12:53:50.640000Z
1.17319,1.1732200000000002,1000000.0,5699999.8093,2018-07-31T12:53:51.146000Z
1.17319,1.17321,1000000.0,1000000.0,2018-07-31T12:53:52.082000Z
1.17319,1.17321,1000000.0,1309999.9428,2018-07-31T12:53:53.033000Z
1.17319,1.1732200000000002,1000000.0,4389999.8665,2018-07-31T12:53:53.192000Z
1.17319,1.17321,1000000.0,1190000.0572,2018-07-31T12:53:53.295000Z
1.17319,1.1732200000000002,1000000.0,5139999.8665,2018-07-31T12:53:53.398000Z
1.17318,1.17321,1950000.0477,1000000.0,2018-07-31T12:53:53.926000Z
1.17318,1.1732200000000002,1120000.0048,4949999.8093,2018-07-31T12:53:54.552000Z
1.17318,1.1732200000000002,1870000.0048,3069999.9332,2018-07-31T12:53:55.116000Z
1.17318,1.17323,4570000.1717,8359999.6567,2018-07-31T12:53:56.788000Z
1.17321,1.17323,1000000.0,3299999.9523,2018-07-31T12:53:57.319000Z
1.17319,1.1732200000000002,1000000.0,1250000.0,2018-07-31T12:53:57.477000Z
1.17319,1.17321,1500000.0,1000000.0,2018-07-31T12:53:58.467000Z
1.17319,1.17323,4570000.1717,3640000.1049,2018-07-31T12:53:58.597000Z
1.17321,1.17323,1500000.0,2250000.0,2018-07-31T12:53:58.651000Z
1.1732200000000002,1.17324,2849999.9046,2809999.9428,2018-07-31T12:53:59.172000Z
1.1732,1.17323,2809999.9428,5059999.9428,2018-07-31T12:53:59.698000Z
1.17319,1.1732,1000000.0,1500000.0,2018-07-31T12:53:59.854000Z
1.17317,1.1732,4869999.8856,1500000.0,2018-07-31T12:54:00.360000Z
1.17318,1.17319,1120000.0048,1000000.0,2018-07-31T12:54:00.872000Z
1.17318,1.1732,4869999.8856,4500000.0,2018-07-31T12:54:02.028000Z
1.17317,1.1732,2250000.0,4500000.0,2018-07-31T12:54:02.766000Z
1.1731500000000001,1.17318,1000000.0,2700000.0477,2018-07-31T12:54:03.084000Z
1.1731500000000001,1.17319,5250000.0,2619999.8856,2018-07-31T12:54:03.190000Z
1.1731600000000002,1.1732,1000000.0,5250000.0,2018-07-31T12:54:05.410000Z
1.1731600000000002,1.1732,3000000.0,1870000.0048,2018-07-31T12:54:06.314000Z
1.17318,1.1732,1000000.0,2250000.0,2018-07-31T12:54:06.706000Z
1.17317,1.1732,2250000.0,1120000.0048,2018-07-31T12:54:07.624000Z
1.17317,1.17319,1500000.0,1000000.0,2018-07-31T12:54:08.206000Z
1.17318,1.17319,1000000.0,1000000.0,2018-07-31T12:54:08.713000Z
1.17318,1.1732,1000000.0,1500000.0,2018-07-31T12:54:09.269000Z
1.17317,1.1732,1500000.0,3000000.0,2018-07-31T12:54:10.396000Z
1.17317,1.17319,1000000.0,1000000.0,2018-07-31T12:54:10.914000Z
1.17317,1.1732,1690000.0572,1500000.0,2018-07-31T12:54:11.447000Z
1.17317,1.17319,1250000.0,1000000.0,2018-07-31T12:54:11.997000Z
1.1731600000000002,1.1732,7309999.9428,2250000.0,2018-07-31T12:54:12.554000Z
1.17317,1.17321,1000000.0,6489999.7711,2018-07-31T12:54:13.059000Z
1.17317,1.1732,1000000.0,2809999.9428,2018-07-31T12:54:13.598000Z
1.17317,1.1732,1000000.0,1250000.0,2018-07-31T12:54:14.108000Z
1.17317,1.1732,1690000.0572,3940000.0572,2018-07-31T12:54:14.637000Z
1.17317,1.1732,1000000.0,2059999.9428,2018-07-31T12:54:15.627000Z
1.17317,1.17319,1000000.0,1000000.0,2018-07-31T12:54:16.135000Z
1.1731600000000002,1.17321,8250000.0,14699999.8093,2018-07-31T12:54:16.647000Z
1.17317,1.1732,1250000.0,2809999.9428,2018-07-31T12:54:17.357000Z
1.1731600000000002,1.17321,3750000.0,13569999.6948,2018-07-31T12:54:20.430000Z
1.1731600000000002,1.17318,1000000.0,1100000.0238,2018-07-31T12:54:20.762000Z
1.1731500000000001,1.17318,3000000.0,1120000.0048,2018-07-31T12:54:21.270000Z
1.1731500000000001,1.17319,1000000.0,4420000.0763,2018-07-31T12:54:21.841000Z
1.17313,1.17317,3000000.0,1690000.0572,2018-07-31T12:54:22.165000Z
1.17314,1.17317,2250000.0,2440000.0572,2018-07-31T12:54:23.134000Z
1.17313,1.17317,7389999.8665,2890000.1049,2018-07-31T12:54:23.639000Z
1.17313,1.17317,4760000.2289,2140000.1049,2018-07-31T12:54:24.391000Z
1.17314,1.17317,1000000.0,3829999.9237,2018-07-31T12:54:24.903000Z
1.17313,1.17317,4949999.8093,3829999.9237,2018-07-31T12:54:25.558000Z
1.17314,1.17317,3000000.0,1100000.0238,2018-07-31T12:54:26.501000Z
1.17313,1.17318,3750000.0,4949999.8093,2018-07-31T12:54:27.240000Z
1.17317,1.17318,2250000.0,1580000.0429,2018-07-31T12:54:27.868000Z
1.17317,1.1732,2440000.0572,1500000.0,2018-07-31T12:54:27.972000Z
1.17318,1.17319,1000000.0,1000000.0,2018-07-31T12:54:28.528000Z
1.17317,1.1732,1690000.0572,1870000.0048,2018-07-31T12:54:29.645000Z
1.17318,1.1732200000000002,4309999.9428,7199999.8093,2018-07-31T12:54:31.174000Z
1.17321,1.17323,3000000.0,1000000.0,2018-07-31T12:54:31.315000Z
1.1732200000000002,1.1732500000000001,3369999.8856,9000000.0,2018-07-31T12:54:31.526000Z
1.1732200000000002,1.1732500000000001,2619999.8856,2440000.0572,2018-07-31T12:54:32.050000Z
1.1732200000000002,1.1732500000000001,4119999.8856,1120000.0048,2018-07-31T12:54:32.565000Z
1.17323,1.1732500000000001,1500000.0,1500000.0,2018-07-31T12:54:34.228000Z
1.1732500000000001,1.17327,3000000.0,4570000.1717,2018-07-31T12:54:34.333000Z
1.17324,1.1732799999999999,1159999.9666,2319999.9332,2018-07-31T12:54:34.592000Z
1.17324,1.1732799999999999,3000000.0,3519999.9809,2018-07-31T12:54:35.476000Z
1.1732500000000001,1.17329,8439999.5804,6219999.7902,2018-07-31T12:54:35.884000Z
1.17324,1.17327,2440000.0572,1500000.0,2018-07-31T12:54:36.038000Z
1.17323,1.17327,5139999.8665,2619999.8856,2018-07-31T12:54:37.121000Z
1.1732600000000002,1.1732799999999999,1000000.0,1500000.0,2018-07-31T12:54:37.555000Z
1.17324,1.17327,1000000.0,1000000.0,2018-07-31T12:54:37.761000Z
1.17324,1.1732799999999999,1000000.0,5619999.8856,2018-07-31T12:54:38.289000Z
1.17324,1.17327,1500000.0,1190000.0572,2018-07-31T12:54:38.833000Z
1.1732600000000002,1.17329,4500000.0,2619999.8856,2018-07-31T12:54:39.011000Z
1.1732600000000002,1.1733,2700000.0477,4119999.8856,2018-07-31T12:54:39.533000Z
1.1732600000000002,1.17329,2250000.0,1690000.0572,2018-07-31T12:54:40.453000Z
1.17324,1.17327,1200000.0477,1500000.0,2018-07-31T12:54:40.593000Z
1.17324,1.1732600000000002,1120000.0048,1000000.0,2018-07-31T12:54:41.972000Z
1.17327,1.1733,3450000.0477,4119999.8856,2018-07-31T12:54:42.277000Z
1.17327,1.17329,1950000.0477,1000000.0,2018-07-31T12:54:43.759000Z
1.17327,1.1733,1200000.0477,1500000.0,2018-07-31T12:54:44.333000Z
1.17327,1.17329,1950000.0477,1000000.0,2018-07-31T12:54:44.871000Z
1.17331,1.1733200000000001,1299999.9523,1570000.0525,2018-07-31T12:54:46.090000Z
1.1733200000000001,1.17334,5510000.2289,1000000.0,2018-07-31T12:54:46.228000Z
1.17333,1.1733600000000002,2250000.0,1000000.0,2018-07-31T12:54:46.280000Z
1.17333,1.1733500000000001,1200000.0477,1500000.0,2018-07-31T12:54:46.861000Z
1.17333,1.1733600000000002,1950000.0477,2059999.9428,2018-07-31T12:54:47.387000Z
1.17329,1.1733200000000001,4500000.0,1100000.0238,2018-07-31T12:54:47.840000Z
1.17329,1.1733200000000001,1120000.0048,3259999.9905,2018-07-31T12:54:48.359000Z
1.1732799999999999,1.1733,1120000.0048,1500000.0,2018-07-31T12:54:49.509000Z
1.17327,1.1733,4309999.9428,1120000.0048,2018-07-31T12:54:50.162000Z
1.17327,1.17329,2809999.9428,1000000.0,2018-07-31T12:54:51.264000Z
1.17327,1.1733,4309999.9428,1120000.0048,2018-07-31T12:54:51.815000Z
1.1732799999999999,1.1733,1250000.0,1120000.0048,2018-07-31T12:54:52.770000Z
1.17333,1.1733600000000002,6369999.8856,1200000.0477,2018-07-31T12:54:53.086000Z
1.1733200000000001,1.17333,1000000.0,1120000.0048,2018-07-31T12:54:53.587000Z
1.1733,1.17331,3750000.0,1000000.0,2018-07-31T12:54:53.896000Z
1.17329,1.1733200000000001,1000000.0,1100000.0238,2018-07-31T12:54:54.052000Z
1.1733,1.17333,1500000.0,1200000.0477,2018-07-31T12:54:55.469000Z
1.17329,1.17334,2059999.9428,3220000.0286,2018-07-31T12:54:56.090000Z
1.17329,1.1733200000000001,2809999.9428,1500000.0,2018-07-31T12:54:56.405000Z
1.1732799999999999,1.17331,6750000.0,1000000.0,2018-07-31T12:55:00.106000Z
1.1732799999999999,1.17331,3369999.8856,1120000.0048,2018-07-31T12:55:00.645000Z
1.17329,1.17331,1000000.0,1500000.0,2018-07-31T12:55:01.174000Z
1.1732799999999999,1.17331,3750000.0,1000000.0,2018-07-31T12:55:01.769000Z
1.1732799999999999,1.1733200000000001,1120000.0048,4730000.0191,2018-07-31T12:55:02.273000Z
1.1732799999999999,1.17331,3369999.8856,1000000.0,2018-07-31T12:55:03.573000Z
1.1732799999999999,1.1733200000000001,2319999.9332,3109999.8951,2018-07-31T12:55:04.092000Z
1.17329,1.1733200000000001,4690000.0572,2319999.9332,2018-07-31T12:55:04.460000Z
1.17329,1.1733200000000001,5250000.0,1000000.0,2018-07-31T12:55:05.524000Z
1.17329,1.17333,6670000.0763,3450000.0477,2018-07-31T12:55:06.028000Z
1.17329,1.1733200000000001,10420000.0763,1000000.0,2018-07-31T12:55:07.608000Z
1.1733200000000001,1.17334,2250000.0,1120000.0048,2018-07-31T12:55:07.970000Z
1.1733200000000001,1.17334,2250000.0,1000000.0,2018-07-31T12:55:08.488000Z
1.1733,1.1733200000000001,5409999.8474,1000000.0,2018-07-31T12:55:11.528000Z
1.17327,1.17329,3299999.9523,1500000.0,2018-07-31T12:55:11.894000Z
1.1732500000000001,1.17327,1799999.9523,1120000.0048,2018-07-31T12:55:11.949000Z
1.17323,1.1732600000000002,4949999.8093,1000000.0,2018-07-31T12:55:12.100000Z
1.17323,1.1732500000000001,1690000.0572,1000000.0,2018-07-31T12:55:12.629000Z
1.1732200000000002,1.1732500000000001,6750000.0,1000000.0,2018-07-31T12:55:13.158000Z
1.17323,1.1732500000000001,1000000.0,1000000.0,2018-07-31T12:55:14.634000Z
1.17324,1.1732500000000001,1000000.0,1000000.0,2018-07-31T12:55:15.169000Z
1.1732200000000002,1.17324,3259999.9905,1500000.0,2018-07-31T12:55:20.716000Z
1.17321,1.17323,2250000.0,1000000.0,2018-07-31T12:55:20.980000Z
1.1732200000000002,1.17323,1000000.0,1000000.0,2018-07-31T12:55:22.035000Z
1.1732200000000002,1.17324,1100000.0238,1500000.0,2018-07-31T12:55:22.571000Z
1.17321,1.1732200000000002,1500000.0,1000000.0,2018-07-31T12:55:24.607000Z
1.17318,1.17321,3450000.0477,1000000.0,2018-07-31T12:55:25.132000Z
1.17318,1.17321,2619999.8856,1500000.0,2018-07-31T12:55:25.661000Z
1.17318,1.1732,1500000.0,1000000.0,2018-07-31T12:55:27.298000Z
1.17317,1.1732,2140000.1049,1000000.0,2018-07-31T12:55:27.846000Z
1.17318,1.1732,1000000.0,3000000.0,2018-07-31T12:55:30.533000Z
1.17317,1.17318,1500000.0,1000000.0,2018-07-31T12:55:30.993000Z
1.1731500000000001,1.17318,12640000.3433,1000000.0,2018-07-31T12:55:31.045000Z
1.1731600000000002,1.17319,1389999.9857,1690000.0572,2018-07-31T12:55:31.566000Z
1.17317,1.17319,1690000.0572,2059999.9428,2018-07-31T12:55:32.104000Z
1.1731600000000002,1.17319,3750000.0,1500000.0,2018-07-31T12:55:32.638000Z
1.1731600000000002,1.17317,3369999.8856,1000000.0,2018-07-31T12:55:32.845000Z
1.1731500000000001,1.17319,9470000.267,3940000.0572,2018-07-31T12:55:33.152000Z
1.1731600000000002,1.17318,1690000.0572,1250000.0,2018-07-31T12:55:33.928000Z
1.1731600000000002,1.17319,1250000.0,2059999.9428,2018-07-31T12:55:34.468000Z
1.1731600000000002,1.17319,3069999.9332,1690000.0572,2018-07-31T12:55:35.097000Z
1.1731600000000002,1.17319,2319999.9332,1000000.0,2018-07-31T12:55:35.686000Z
1.1731600000000002,1.17319,3000000.0,1690000.0572,2018-07-31T12:55:36.461000Z
1.1731600000000002,1.1732,1309999.9428,5030000.2098,2018-07-31T12:55:37.100000Z
1.1731600000000002,1.1732,5440000.0572,1200000.0477,2018-07-31T12:55:39.961000Z
1.17319,1.1732200000000002,1120000.0048,4269999.9809,2018-07-31T12:55:40.118000Z
1.17317,1.1732,4690000.0572,1039999.9619,2018-07-31T12:55:40.574000Z
1.17317,1.17321,4050000.1907,1539999.9619,2018-07-31T12:55:41.107000Z
1.17317,1.1732,5320000.1717,1250000.0,2018-07-31T12:55:42.111000Z
1.17317,1.17321,2509999.9905,1690000.0572,2018-07-31T12:55:42.600000Z
1.17317,1.17321,5230000.0191,1690000.0572,2018-07-31T12:55:43.849000Z
1.17317,1.17321,3069999.9332,1250000.0,2018-07-31T12:55:44.366000Z
1.17317,1.1732,5320000.1717,1250000.0,2018-07-31T12:55:44.929000Z
1.17317,1.17321,5320000.1717,1690000.0572,2018-07-31T12:55:45.481000Z
1.17318,1.1732,1309999.9428,1250000.0,2018-07-31T12:55:47.011000Z
1.17318,1.17321,1250000.0,1690000.0572,2018-07-31T12:55:47.844000Z
1.17317,1.1732,6070000.1717,1250000.0,2018-07-31T12:55:48.800000Z
1.17317,1.17321,5320000.1717,1690000.0572,2018-07-31T12:55:49.018000Z
1.17317,1.17321,6070000.1717,1000000.0,2018-07-31T12:55:50.148000Z
1.17317,1.1732200000000002,3819999.9332,3369999.8856,2018-07-31T12:55:50.354000Z
1.17317,1.17321,5320000.1717,1000000.0,2018-07-31T12:55:50.871000Z
1.17317,1.1732200000000002,5320000.1717,2059999.9428,2018-07-31T12:55:51.411000Z
1.17318,1.17321,1000000.0,1000000.0,2018-07-31T12:55:52.399000Z
1.17317,1.1732200000000002,3819999.9332,5739999.7711,2018-07-31T12:55:52.989000Z
1.1731600000000002,1.17317,2319999.9332,1870000.0048,2018-07-31T12:55:53.198000Z
1.17313,1.1731600000000002,1519999.9809,2700000.0477,2018-07-31T12:55:53.252000Z
1.17311,1.1731500000000001,5619999.8856,2619999.8856,2018-07-31T12:55:53.521000Z
1.17311,1.1731500000000001,6940000.0572,2440000.0572,2018-07-31T12:55:54.049000Z
1.17311,1.1731500000000001,2440000.0572,1870000.0048,2018-07-31T12:55:54.860000Z
1.17311,1.1731600000000002,1309999.9428,9560000.4196,2018-07-31T12:55:55.377000Z
1.17311,1.1731500000000001,1120000.0048,1000000.0,2018-07-31T12:55:55.958000Z
1.1731200000000002,1.1731500000000001,2059999.9428,3940000.0572,2018-07-31T12:55:56.807000Z
1.17314,1.17318,1690000.0572,5139999.8665,2018-07-31T12:55:56.962000Z
1.17317,1.1732,1000000.0,1269999.9809,2018-07-31T12:55:57.093000Z
1.17317,1.17321,1190000.0572,4570000.1717,2018-07-31T12:55:57.629000Z
1.17317,1.17321,1000000.0,5059999.9428,2018-07-31T12:55:58.177000Z
1.1731600000000002,1.17321,4389999.8665,2059999.9428,2018-07-31T12:55:58.725000Z
1.17317,1.17321,1190000.0572,3940000.0572,2018-07-31T12:55:59.078000Z
1.1731600000000002,1.17321,9449999.8093,3259999.9905,2018-07-31T12:55:59.677000Z
1.17317,1.17321,1190000.0572,2890000.1049,2018-07-31T12:56:00.417000Z
1.1731600000000002,1.17321,7949999.8093,2509999.9905,2018-07-31T12:56:00.923000Z
1.17317,1.17321,1309999.9428,4800000.1907,2018-07-31T12:56:01.950000Z
1.1731600000000002,1.17321,7369999.8856,3259999.9905,2018-07-31T12:56:02.651000Z
1.17317,1.1732,1389999.9857,2059999.9428,2018-07-31T12:56:04.400000Z
1.1731600000000002,1.17321,5889999.8665,1950000.0477,2018-07-31T12:56:04.999000Z
1.1731600000000002,1.17319,1120000.0048,4500000.0,2018-07-31T12:56:05.761000Z
1.17313,1.17317,1100000.0238,2549999.9523,2018-07-31T12:56:05.864000Z
1.17311,1.1731600000000002,2250000.0,11920000.0763,2018-07-31T12:56:06.300000Z
1.17314,1.17317,1000000.0,4389999.8665,2018-07-31T12:56:06.623000Z
1.17313,1.1731500000000001,1000000.0,1000000.0,2018-07-31T12:56:07.057000Z
1.17311,1.17314,4500000.0,1100000.0238,2018-07-31T12:56:07.216000Z
1.1731200000000002,1.1731500000000001,1000000.0,3750000.0,2018-07-31T12:56:07.814000Z
1.1731,1.17313,3000000.0,1000000.0,2018-07-31T12:56:08.180000Z
1.17309,1.1731200000000002,1950000.0477,1000000.0,2018-07-31T12:56:08.694000Z
1.17309,1.17313,1120000.0048,3750000.0,2018-07-31T12:56:09.229000Z
1.1730500000000001,1.17309,2250000.0,2890000.1049,2018-07-31T12:56:09.542000Z
1.1730500000000001,1.17308,2250000.0,1000000.0,2018-07-31T12:56:10.071000Z
1.1730500000000001,1.17309,2250000.0,3450000.0477,2018-07-31T12:56:10.593000Z
1.1730500000000001,1.17308,1870000.0048,1120000.0048,2018-07-31T12:56:11.134000Z
1.17303,1.17307,10800000.1907,1500000.0,2018-07-31T12:56:11.677000Z
1.17303,1.17306,5849999.9046,1000000.0,2018-07-31T12:56:11.729000Z
1.17303,1.17307,3599999.9046,1870000.0048,2018-07-31T12:56:12.251000Z
1.17303,1.17306,5440000.0572,1250000.0,2018-07-31T12:56:12.952000Z
1.17303,1.17307,1500000.0,2250000.0,2018-07-31T12:56:13.465000Z
1.17303,1.17307,5699999.8093,1250000.0,2018-07-31T12:56:13.993000Z
1.1730500000000001,1.17308,1500000.0,1690000.0572,2018-07-31T12:56:14.533000Z
1.17303,1.17307,3190000.0572,1500000.0,2018-07-31T12:56:14.799000Z
1.1730200000000002,1.17307,9069999.6948,1250000.0,2018-07-31T12:56:15.633000Z
1.1730200000000002,1.1730500000000001,2890000.1049,1250000.0,2018-07-31T12:56:15.737000Z
1.17301,1.17306,4570000.1717,12750000.0,2018-07-31T12:56:15.842000Z
1.17301,1.17306,5699999.8093,8250000.0,2018-07-31T12:56:16.735000Z
1.1730200000000002,1.1730500000000001,1000000.0,5809999.9428,2018-07-31T12:56:17.263000Z
1.17301,1.17306,2319999.9332,1570000.0525,2018-07-31T12:56:17.960000Z
1.1730200000000002,1.1730500000000001,1200000.0477,1000000.0,2018-07-31T12:56:18.503000Z
1.17301,1.17306,6070000.1717,1759999.9905,2018-07-31T12:56:19.281000Z
1.17301,1.17306,3819999.9332,2140000.1049,2018-07-31T12:56:19.877000Z
1.173,1.1730500000000001,13010000.2289,5250000.0,2018-07-31T12:56:20.779000Z
1.1730200000000002,1.1730500000000001,1000000.0,3000000.0,2018-07-31T12:56:21.295000Z
1.17301,1.1730500000000001,3069999.9332,2700000.0477,2018-07-31T12:56:21.811000Z
1.173,1.17303,1000000.0,5250000.0,2018-07-31T12:56:22.261000Z
1.17298,1.1730200000000002,6190000.0572,1120000.0048,2018-07-31T12:56:22.364000Z
1.17298,1.17301,2619999.8856,1000000.0,2018-07-31T12:56:22.880000Z
1.17297,1.1730200000000002,4420000.0763,3369999.8856,2018-07-31T12:56:23.398000Z
1.17296,1.173,8510000.2289,1120000.0048,2018-07-31T12:56:23.937000Z
1.17298,1.17301,1000000.0,2700000.0477,2018-07-31T12:56:25.072000Z
1.17297,1.17301,3109999.8951,1450000.0477,2018-07-31T12:56:25.883000Z
1.1729500000000002,1.17299,6190000.0572,1870000.0048,2018-07-31T12:56:26.584000Z
1.1729500000000002,1.17299,1500000.0,9300000.1907,2018-07-31T12:56:26.905000Z
1.1729500000000002,1.17298,3220000.0286,1200000.0477,2018-07-31T12:56:27.422000Z
1.17296,1.173,5250000.0,6070000.1717,2018-07-31T12:56:28.220000Z
1.17298,1.173,1500000.0,1000000.0,2018-07-31T12:56:28.533000Z
1.17298,1.17301,1000000.0,3640000.1049,2018-07-31T12:56:29.084000Z
1.17298,1.173,1250000.0,1250000.0,2018-07-31T12:56:29.585000Z
1.17298,1.17301,1000000.0,3039999.9619,2018-07-31T12:56:30.111000Z
1.17298,1.17301,1250000.0,3789999.9619,2018-07-31T12:56:30.674000Z
1.17298,1.17301,1000000.0,2289999.9619,2018-07-31T12:56:31.748000Z
1.17296,1.17299,10609999.6567,1000000.0,2018-07-31T12:56:32.212000Z
1.17296,1.173,6940000.0572,2809999.9428,2018-07-31T12:56:32.732000Z
1.17296,1.173,3259999.9905,1870000.0048,2018-07-31T12:56:33.249000Z
1.1729200000000002,1.17294,4309999.9428,3599999.9046,2018-07-31T12:56:33.728000Z
1.1729100000000001,1.17293,2700000.0477,2099999.9046,2018-07-31T12:56:33.941000Z
1.1729100000000001,1.17294,1570000.0525,1250000.0,2018-07-31T12:56:34.473000Z
1.1729100000000001,1.1729500000000002,3000000.0,4480000.0191,2018-07-31T12:56:35.779000Z
1.1729100000000001,1.17293,1120000.0048,1000000.0,2018-07-31T12:56:35.831000Z
1.1729,1.17294,3940000.0572,1500000.0,2018-07-31T12:56:36.362000Z
1.17289,1.1729200000000002,6449999.8093,1500000.0,2018-07-31T12:56:36.781000Z
1.17289,1.1729100000000001,3000000.0,1000000.0,2018-07-31T12:56:37.033000Z
1.1729,1.1729200000000002,1389999.9857,1000000.0,2018-07-31T12:56:37.549000Z
1.1729,1.17293,4760000.2289,2849999.9046,2018-07-31T12:56:38.065000Z
1.1729,1.17293,4949999.8093,1690000.0572,2018-07-31T12:56:38.619000Z
1.1729,1.1729200000000002,1690000.0572,1000000.0,2018-07-31T12:56:39.340000Z
1.17289,1.17293,7760000.2289,1500000.0,2018-07-31T12:56:39.875000Z
1.1729100000000001,1.1729200000000002,1000000.0,1000000.0,2018-07-31T12:56:40.726000Z
1.17289,1.1729100000000001,1200000.0477,1500000.0,2018-07-31T12:56:41.052000Z
1.17289,1.1729100000000001,1000000.0,6789999.9619,2018-07-31T12:56:41.595000Z
1.17289,1.1729100000000001,1000000.0,4130000.1144,2018-07-31T12:56:42.705000Z
1.17289,1.1729100000000001,1000000.0,2849999.9046,2018-07-31T12:56:45.148000Z
1.17289,1.1729,1000000.0,1000000.0,2018-07-31T12:56:45.666000Z
1.17288,1.17289,1500000.0,1000000.0,2018-07-31T12:56:46.899000Z
1.17288,1.1729100000000001,1000000.0,1350000.0238,2018-07-31T12:56:46.955000Z
1.17288,1.1729,1000000.0,1000000.0,2018-07-31T12:56:47.486000Z
1.17287,1.1729100000000001,7119999.8856,1870000.0048,2018-07-31T12:56:47.989000Z
1.17287,1.1729,2250000.0,1000000.0,2018-07-31T12:56:48.501000Z
1.17287,1.17289,2250000.0,1000000.0,2018-07-31T12:56:49.038000Z
1.17287,1.1729,3000000.0,2849999.9046,2018-07-31T12:56:49.575000Z
1.17287,1.1729,1500000.0,3970000.0286,2018-07-31T12:56:50.480000Z
1.17287,1.1729,1690000.0572,4869999.8856,2018-07-31T12:56:51.448000Z
1.17288,1.17289,1000000.0,1000000.0,2018-07-31T12:56:51.954000Z
1.17286,1.1729,1200000.0477,4010000.2289,2018-07-31T12:56:52.335000Z
1.17286,1.17289,3640000.1049,1120000.0048,2018-07-31T12:56:53.376000Z
1.17285,1.17286,3450000.0477,1000000.0,2018-07-31T12:56:53.573000Z
1.17276,1.1728,4760000.2289,1690000.0572,2018-07-31T12:56:53.833000Z
1.17276,1.1728100000000001,4309999.9428,3109999.8951,2018-07-31T12:56:54.351000Z
1.17277,1.1728200000000002,1500000.0,8000000.0,2018-07-31T12:56:55.552000Z
1.17276,1.1728,1000000.0,1120000.0048,2018-07-31T12:56:55.656000Z
1.17275,1.1728,3000000.0,7010000.2289,2018-07-31T12:56:56.177000Z
1.1727400000000001,1.17277,3450000.0477,1000000.0,2018-07-31T12:56:56.487000Z
1.1727200000000002,1.17277,3069999.9332,1309999.9428,2018-07-31T12:56:56.855000Z
1.1727100000000001,1.1727400000000001,4570000.1717,1120000.0048,2018-07-31T12:56:57.769000Z
1.1727200000000002,1.17276,1120000.0048,1500000.0,2018-07-31T12:56:58.312000Z
1.17273,1.17276,1190000.0572,1250000.0,2018-07-31T12:56:58.822000Z
1.1727200000000002,1.17277,1799999.9523,10949999.8093,2018-07-31T12:56:58.874000Z
1.17273,1.17275,1000000.0,1000000.0,2018-07-31T12:56:59.028000Z
1.17269,1.1727200000000002,1120000.0048,2250000.0,2018-07-31T12:56:59.156000Z
1.17267,1.1727200000000002,3309999.9428,6369999.8856,2018-07-31T12:56:59.208000Z
1.17266,1.1727,6110000.1335,2440000.0572,2018-07-31T12:56:59.721000Z
1.1726400000000001,1.17266,2619999.8856,1000000.0,2018-07-31T12:57:00.129000Z
1.17263,1.17267,2250000.0,4949999.8093,2018-07-31T12:57:00.233000Z
1.1726200000000002,1.17265,2619999.8856,1000000.0,2018-07-31T12:57:00.753000Z
1.1726200000000002,1.17267,1870000.0048,3670000.0763,2018-07-31T12:57:00.856000Z
1.17263,1.17266,1120000.0048,1000000.0,2018-07-31T12:57:01.390000Z
1.1726200000000002,1.17266,2700000.0477,1100000.0238,2018-07-31T12:57:01.943000Z
1.17263,1.17267,1559999.9428,1389999.9857,2018-07-31T12:57:02.048000Z
1.1726200000000002,1.17267,1500000.0,2619999.8856,2018-07-31T12:57:02.571000Z
1.1726200000000002,1.17268,1950000.0477,7050000.1907,2018-07-31T12:57:03.694000Z
1.17266,1.17268,1000000.0,1950000.0477,2018-07-31T12:57:04.314000Z
1.17266,1.1727,1100000.0238,1000000.0,2018-07-31T12:57:04.463000Z
1.17267,1.1727100000000001,1950000.0477,1000000.0,2018-07-31T12:57:04.779000Z
1.17268,1.17273,9560000.4196,1200000.0477,2018-07-31T12:57:05.299000Z
1.17268,1.1727200000000002,1759999.9905,3190000.0572,2018-07-31T12:57:05.869000Z
1.17267,1.1727200000000002,4239999.7711,1000000.0,2018-07-31T12:57:06.580000Z
1.17267,1.1727200000000002,10569999.6948,1000000.0,2018-07-31T12:57:07.236000Z
1.17268,1.17273,4150000.0954,2700000.0477,2018-07-31T12:57:07.772000Z
1.17273,1.17275,1200000.0477,1000000.0,2018-07-31T12:57:08.089000Z
1.17273,1.17277,1009999.9905,2809999.9428,2018-07-31T12:57:08.299000Z
1.17275,1.17278,2059999.9428,1570000.0525,2018-07-31T12:57:08.602000Z
1.17276,1.1728,2700000.0477,2619999.8856,2018-07-31T12:57:08.711000Z
1.17275,1.17277,2700000.0477,1000000.0,2018-07-31T12:57:08.816000Z
1.1727400000000001,1.17277,1100000.0238,2619999.8856,2018-07-31T12:57:08.869000Z
1.17273,1.17277,1100000.0238,3750000.0,2018-07-31T12:57:09.432000Z
1.1727400000000001,1.17277,1000000.0,1000000.0,2018-07-31T12:57:09.984000Z
1.17273,1.17278,1950000.0477,6670000.0763,2018-07-31T12:57:10.494000Z
1.17273,1.1727400000000001,1500000.0,1000000.0,2018-07-31T12:57:10.621000Z
1.1727,1.1727400000000001,1200000.0477,1500000.0,2018-07-31T12:57:10.830000Z
1.1727,1.17276,10760000.2289,1250000.0,2018-07-31T12:57:11.013000Z
1.17273,1.17276,1200000.0477,1000000.0,2018-07-31T12:57:11.517000Z
1.1727200000000002,1.17277,4199999.8093,6559999.9428,2018-07-31T12:57:12.048000Z
1.1727200000000002,1.17275,1200000.0477,1000000.0,2018-07-31T12:57:12.554000Z
1.17268,1.1727100000000001,3750000.0,1000000.0,2018-07-31T12:57:12.895000Z
1.17269,1.17273,4119999.8856,1870000.0048,2018-07-31T12:57:13.407000Z
1.1727200000000002,1.1727400000000001,1000000.0,1100000.0238,2018-07-31T12:57:13.693000Z
1.1727200000000002,1.17277,2319999.9332,4500000.0,2018-07-31T12:57:13.851000Z
1.1727200000000002,1.17277,2140000.1049,8060000.4196,2018-07-31T12:57:14.388000Z
1.1727100000000001,1.17273,1450000.0477,4119999.8856,2018-07-31T12:57:14.634000Z
1.17268,1.1727200000000002,6070000.1717,3000000.0,2018-07-31T12:57:14.690000Z
1.17268,1.1727,2700000.0477,1120000.0048,2018-07-31T12:57:14.747000Z
1.17268,1.1727100000000001,1000000.0,2250000.0,2018-07-31T12:57:15.257000Z
1.17268,1.1727,1500000.0,1000000.0,2018-07-31T12:57:15.971000Z
1.17265,1.1727,12819999.6948,1120000.0048,2018-07-31T12:57:16.563000Z
1.17266,1.1727100000000001,3640000.1049,3640000.1049,2018-07-31T12:57:17.534000Z
1.17267,1.1727,1950000.0477,1870000.0048,2018-07-31T12:57:18.352000Z
1.17266,1.1727100000000001,1950000.0477,5320000.1717,2018-07-31T12:57:18.508000Z
1.17268,1.1727,1100000.0238,1000000.0,2018-07-31T12:57:19.579000Z
1.17267,1.1727100000000001,1570000.0525,1690000.0572,2018-07-31T12:57:20.125000Z
1.17267,1.1727100000000001,1120000.0048,1250000.0,2018-07-31T12:57:20.638000Z
1.17268,1.1727,1000000.0,1000000.0,2018-07-31T12:57:22.005000Z
