bid,ask,bid_vol,ask_vol,time
1.1582700000000001,1.1583,3000000.0,1500000.0,2018-09-28T12:45:00.183000Z
1.1583100000000002,1.15833,1000000.0,2250000.0,2018-09-28T12:45:00.541000Z
1.15829,1.1583200000000002,2250000.0,8250000.0,2018-09-28T12:45:00.857000Z
1.1582700000000001,1.15829,2700000.0477,7119999.8856,2018-09-28T12:45:01.206000Z
1.15826,1.15828,3450000.0477,2250000.0,2018-09-28T12:45:01.311000Z
1.15825,1.1582700000000001,1000000.0,2059999.9428,2018-09-28T12:45:01.832000Z
1.15823,1.15825,3750000.0,1250000.0,2018-09-28T12:45:02.883000Z
1.15823,1.15826,2250000.0,5059999.9428,2018-09-28T12:45:03.433000Z
1.15823,1.15825,3000000.0,1000000.0,2018-09-28T12:45:03.972000Z
1.15822,1.15824,4949999.8093,1000000.0,2018-09-28T12:45:05.216000Z
1.1582100000000002,1.15823,6750000.0,4309999.9428,2018-09-28T12:45:12.946000Z
1.15823,1.15824,1000000.0,1950000.0477,2018-09-28T12:45:13.050000Z
1.15822,1.15824,1500000.0,1500000.0,2018-09-28T12:45:13.585000Z
1.15822,1.15825,2250000.0,6820000.1717,2018-09-28T12:45:25.132000Z
1.15822,1.15824,1000000.0,1000000.0,2018-09-28T12:45:26.471000Z
1.1582100000000002,1.15824,3190000.0572,1570000.0525,2018-09-28T12:45:26.982000Z
1.15822,1.15824,1000000.0,1000000.0,2018-09-28T12:45:27.544000Z
1.1582000000000001,1.15822,2700000.0477,1000000.0,2018-09-28T12:45:28.731000Z
1.15818,1.1582100000000002,3000000.0,4119999.8856,2018-09-28T12:45:28.838000Z
1.1581700000000001,1.1582000000000001,4010000.2289,1950000.0477,2018-09-28T12:45:29.348000Z
1.15818,1.1582000000000001,1000000.0,2619999.8856,2018-09-28T12:45:29.898000Z
1.1581700000000001,1.1582000000000001,2619999.8856,2250000.0,2018-09-28T12:45:30.445000Z
1.1581700000000001,1.15819,1000000.0,2619999.8856,2018-09-28T12:45:30.994000Z
1.15819,1.1582100000000002,5250000.0,2250000.0,2018-09-28T12:45:32.934000Z
1.1582100000000002,1.15823,1860000.0143,3069999.9332,2018-09-28T12:45:32.986000Z
1.15822,1.15825,1000000.0,6070000.1717,2018-09-28T12:45:33.044000Z
1.15822,1.15824,1500000.0,1000000.0,2018-09-28T12:45:34.070000Z
1.15822,1.15825,1500000.0,5139999.8665,2018-09-28T12:45:34.581000Z
1.15822,1.15824,1000000.0,1000000.0,2018-09-28T12:45:36.229000Z
1.15823,1.15824,1250000.0,1000000.0,2018-09-28T12:45:36.743000Z
1.15823,1.15825,1000000.0,1500000.0,2018-09-28T12:45:37.265000Z
1.15822,1.15825,1870000.0048,3000000.0,2018-09-28T12:45:38.949000Z
1.15823,1.15825,1000000.0,1950000.0477,2018-09-28T12:45:39.470000Z
1.15822,1.15825,2250000.0,1500000.0,2018-09-28T12:45:39.988000Z
1.15823,1.15825,1000000.0,1000000.0,2018-09-28T12:45:41.124000Z
1.15822,1.15825,1000000.0,1000000.0,2018-09-28T12:45:41.854000Z
1.15823,1.15825,1000000.0,1500000.0,2018-09-28T12:45:42.454000Z
1.15824,1.15826,1000000.0,5510000.2289,2018-09-28T12:45:44.145000Z
1.15826,1.1582700000000001,1690000.0572,1200000.0477,2018-09-28T12:45:44.198000Z
1.15828,1.15829,1500000.0,1000000.0,2018-09-28T12:45:44.378000Z
1.1583,1.1583100000000002,1000000.0,3190000.0572,2018-09-28T12:45:44.690000Z
1.1583,1.1583200000000002,1000000.0,4949999.8093,2018-09-28T12:45:46.864000Z
1.1583100000000002,1.15833,1000000.0,8319999.6948,2018-09-28T12:45:47.402000Z
1.1583100000000002,1.15833,2250000.0,2700000.0477,2018-09-28T12:45:47.529000Z
1.15829,1.1583100000000002,1500000.0,1950000.0477,2018-09-28T12:45:47.687000Z
1.15828,1.1583,1000000.0,2440000.0572,2018-09-28T12:45:48.020000Z
1.15828,1.1583100000000002,1000000.0,5510000.2289,2018-09-28T12:45:48.320000Z
1.15828,1.1583100000000002,2440000.0572,7199999.8093,2018-09-28T12:45:49.522000Z
1.15829,1.1583100000000002,1000000.0,4949999.8093,2018-09-28T12:45:50.129000Z
1.15828,1.1583,1000000.0,1500000.0,2018-09-28T12:45:50.737000Z
1.15828,1.1583,1000000.0,2890000.1049,2018-09-28T12:45:51.249000Z
1.1582700000000001,1.15829,2440000.0572,1250000.0,2018-09-28T12:45:51.786000Z
1.15828,1.1583100000000002,1190000.0572,1950000.0477,2018-09-28T12:45:52.102000Z
1.1583,1.1583100000000002,1000000.0,1200000.0477,2018-09-28T12:45:52.632000Z
1.1583100000000002,1.15833,1000000.0,5320000.1717,2018-09-28T12:45:52.738000Z
1.1583,1.1583100000000002,1000000.0,1200000.0477,2018-09-28T12:45:52.897000Z
1.15829,1.1583100000000002,1000000.0,7010000.2289,2018-09-28T12:45:53.615000Z
1.15828,1.1583,1200000.0477,1870000.0048,2018-09-28T12:45:53.667000Z
1.15828,1.1583,1000000.0,1759999.9905,2018-09-28T12:45:54.210000Z
1.1582700000000001,1.1583,1000000.0,3259999.9905,2018-09-28T12:45:55.627000Z
1.15825,1.1582700000000001,1000000.0,1870000.0048,2018-09-28T12:45:56.133000Z
1.15825,1.15826,1000000.0,2890000.1049,2018-09-28T12:45:56.686000Z
1.15824,1.15826,1000000.0,5139999.8665,2018-09-28T12:45:56.740000Z
1.15823,1.15825,1000000.0,2140000.1049,2018-09-28T12:45:56.897000Z
1.15823,1.15825,1000000.0,5889999.8665,2018-09-28T12:45:58.794000Z
1.1582100000000002,1.15822,4199999.8093,1309999.9428,2018-09-28T12:46:00.087000Z
1.15818,1.1582100000000002,1500000.0,2440000.0572,2018-09-28T12:46:00.194000Z
1.1581700000000001,1.15819,4869999.8856,1000000.0,2018-09-28T12:46:00.298000Z
1.15818,1.1582000000000001,1500000.0,3750000.0,2018-09-28T12:46:00.351000Z
1.15818,1.1582100000000002,2440000.0572,2700000.0477,2018-09-28T12:46:01.302000Z
1.15819,1.1582100000000002,1000000.0,3450000.0477,2018-09-28T12:46:01.829000Z
1.15818,1.15819,1000000.0,3750000.0,2018-09-28T12:46:06.746000Z
1.15818,1.1582000000000001,1000000.0,1200000.0477,2018-09-28T12:46:07.270000Z
1.15819,1.1582100000000002,1690000.0572,1570000.0525,2018-09-28T12:46:09.663000Z
1.15819,1.15822,4500000.0,1870000.0048,2018-09-28T12:46:09.795000Z
1.15822,1.15823,1690000.0572,1950000.0477,2018-09-28T12:46:10.212000Z
1.15822,1.15824,3750000.0,1200000.0477,2018-09-28T12:46:10.344000Z
1.15822,1.15825,1950000.0477,2140000.1049,2018-09-28T12:46:11.121000Z
1.15823,1.15825,1250000.0,1570000.0525,2018-09-28T12:46:12.118000Z
1.15823,1.15825,1000000.0,4570000.1717,2018-09-28T12:46:15.449000Z
1.1582100000000002,1.15825,8140000.3433,1950000.0477,2018-09-28T12:46:15.745000Z
1.15822,1.15825,1000000.0,11699999.8093,2018-09-28T12:46:16.273000Z
1.1582100000000002,1.15825,5139999.8665,1950000.0477,2018-09-28T12:46:16.818000Z
1.1582100000000002,1.15822,3750000.0,2250000.0,2018-09-28T12:46:18.975000Z
1.15818,1.15822,8319999.6948,4570000.1717,2018-09-28T12:46:19.142000Z
1.1582000000000001,1.15822,2809999.9428,1500000.0,2018-09-28T12:46:19.196000Z
1.15822,1.15824,1000000.0,1870000.0048,2018-09-28T12:46:19.303000Z
1.15823,1.15824,1000000.0,1690000.0572,2018-09-28T12:46:20.130000Z
1.15822,1.15825,1570000.0525,1200000.0477,2018-09-28T12:46:20.728000Z
1.15822,1.15825,1000000.0,1690000.0572,2018-09-28T12:46:22.297000Z
1.1582000000000001,1.15822,2890000.1049,1000000.0,2018-09-28T12:46:22.509000Z
1.15819,1.15823,7760000.2289,2319999.9332,2018-09-28T12:46:23.041000Z
1.1582000000000001,1.15822,2250000.0,1200000.0477,2018-09-28T12:46:23.612000Z
1.15822,1.15824,1250000.0,1000000.0,2018-09-28T12:46:24.831000Z
1.15822,1.15825,3000000.0,1500000.0,2018-09-28T12:46:25.393000Z
1.15822,1.15825,4949999.8093,3750000.0,2018-09-28T12:46:26.061000Z
1.15822,1.15825,1000000.0,1690000.0572,2018-09-28T12:46:26.603000Z
1.15823,1.15825,1000000.0,2440000.0572,2018-09-28T12:46:27.382000Z
1.15822,1.15824,3819999.9332,1250000.0,2018-09-28T12:46:27.903000Z
1.15822,1.15825,3450000.0477,1250000.0,2018-09-28T12:46:28.998000Z
1.15825,1.1582700000000001,1690000.0572,1389999.9857,2018-09-28T12:46:29.782000Z
1.15826,1.15829,4949999.8093,5699999.8093,2018-09-28T12:46:29.887000Z
1.15824,1.1582700000000001,1200000.0477,5139999.8665,2018-09-28T12:46:30.170000Z
1.15823,1.15826,4500000.0,2250000.0,2018-09-28T12:46:30.695000Z
1.15823,1.15825,1500000.0,1000000.0,2018-09-28T12:46:32.104000Z
1.15823,1.15826,1500000.0,4869999.8856,2018-09-28T12:46:32.883000Z
1.1582000000000001,1.15822,2059999.9428,1000000.0,2018-09-28T12:46:33.231000Z
1.1582100000000002,1.15824,1389999.9857,4389999.8665,2018-09-28T12:46:33.773000Z
1.15822,1.15825,3259999.9905,2700000.0477,2018-09-28T12:46:34.927000Z
1.15822,1.15825,5889999.8665,1950000.0477,2018-09-28T12:46:36.060000Z
1.15823,1.15825,1000000.0,1000000.0,2018-09-28T12:46:36.591000Z
1.15822,1.15824,5510000.2289,1000000.0,2018-09-28T12:46:37.113000Z
1.1582100000000002,1.15824,3000000.0,4119999.8856,2018-09-28T12:46:37.681000Z
1.1582100000000002,1.15824,4760000.2289,2440000.0572,2018-09-28T12:46:38.461000Z
1.1582100000000002,1.15824,4389999.8665,1000000.0,2018-09-28T12:46:39.018000Z
1.15823,1.15824,1000000.0,1000000.0,2018-09-28T12:46:39.358000Z
1.15822,1.15824,1000000.0,1690000.0572,2018-09-28T12:46:40.393000Z
1.1582100000000002,1.15824,3190000.0572,1250000.0,2018-09-28T12:46:40.916000Z
1.1582100000000002,1.15822,1000000.0,1000000.0,2018-09-28T12:46:42.162000Z
1.1581700000000001,1.1582000000000001,3450000.0477,8890000.3433,2018-09-28T12:46:42.265000Z
1.15818,1.1582000000000001,1000000.0,7050000.1907,2018-09-28T12:46:42.368000Z
1.15819,1.15822,6260000.2289,3450000.0477,2018-09-28T12:46:42.632000Z
1.1582100000000002,1.15823,1500000.0,1200000.0477,2018-09-28T12:46:43.146000Z
1.1582100000000002,1.15822,1000000.0,1500000.0,2018-09-28T12:46:45.136000Z
1.1582000000000001,1.15822,1500000.0,2440000.0572,2018-09-28T12:46:45.663000Z
1.15818,1.1582000000000001,1000000.0,1000000.0,2018-09-28T12:46:46.427000Z
1.15818,1.1582000000000001,1500000.0,4690000.0572,2018-09-28T12:46:48.177000Z
1.15816,1.15818,1200000.0477,4690000.0572,2018-09-28T12:46:48.349000Z
1.15818,1.1582000000000001,1000000.0,3900000.0954,2018-09-28T12:46:49.003000Z
1.15816,1.15819,5059999.9428,1690000.0572,2018-09-28T12:46:49.265000Z
1.15816,1.1582000000000001,5510000.2289,7840000.1526,2018-09-28T12:46:49.790000Z
1.15816,1.15818,2140000.1049,1000000.0,2018-09-28T12:46:50.307000Z
1.1581700000000001,1.15818,1000000.0,1000000.0,2018-09-28T12:46:50.808000Z
1.15816,1.15818,2700000.0477,1000000.0,2018-09-28T12:46:51.735000Z
1.1581700000000001,1.15818,1000000.0,1000000.0,2018-09-28T12:46:52.798000Z
1.15816,1.15818,3069999.9332,1000000.0,2018-09-28T12:46:53.307000Z
1.1582000000000001,1.15822,11060000.4196,5769999.9809,2018-09-28T12:46:53.388000Z
1.15824,1.15825,3000000.0,2250000.0,2018-09-28T12:46:53.444000Z
1.15822,1.15823,1000000.0,3000000.0,2018-09-28T12:46:53.663000Z
1.15822,1.15825,2250000.0,4500000.0,2018-09-28T12:46:53.716000Z
1.15822,1.15825,6369999.8856,4690000.0572,2018-09-28T12:46:54.784000Z
1.15822,1.15825,3369999.8856,3000000.0,2018-09-28T12:46:55.745000Z
1.1582100000000002,1.15825,6070000.1717,3190000.0572,2018-09-28T12:46:56.417000Z
1.1582000000000001,1.15822,7199999.8093,4909999.8474,2018-09-28T12:46:56.918000Z
1.15818,1.1582100000000002,1570000.0525,2950000.0477,2018-09-28T12:46:57.067000Z
1.15818,1.1582100000000002,1009999.9905,1299999.9523,2018-09-28T12:46:57.584000Z
1.1581700000000001,1.1582000000000001,1120000.0048,1000000.0,2018-09-28T12:46:58.240000Z
1.15815,1.15816,1500000.0,1350000.0238,2018-09-28T12:46:58.454000Z
1.1581299999999999,1.15816,1000000.0,6969999.7902,2018-09-28T12:46:58.559000Z
1.15812,1.15815,1120000.0048,1690000.0572,2018-09-28T12:46:59.105000Z
1.15812,1.15814,1000000.0,1000000.0,2018-09-28T12:47:01.268000Z
1.15812,1.15815,1000000.0,4500000.0,2018-09-28T12:47:02.855000Z
1.15812,1.15814,1440000.0572,1250000.0,2018-09-28T12:47:04.364000Z
1.15812,1.15815,2619999.8856,1000000.0,2018-09-28T12:47:04.885000Z
1.15812,1.15816,16760000.2289,6559999.9428,2018-09-28T12:47:05.261000Z
1.15812,1.15816,8199999.8093,6750000.0,2018-09-28T12:47:05.939000Z
1.15812,1.15816,3819999.9332,4500000.0,2018-09-28T12:47:06.735000Z
1.15812,1.15816,4820000.1717,5250000.0,2018-09-28T12:47:07.256000Z
1.15812,1.15816,4199999.8093,5250000.0,2018-09-28T12:47:08.266000Z
1.15812,1.15815,3640000.1049,1000000.0,2018-09-28T12:47:08.817000Z
1.1581299999999999,1.15815,1000000.0,1000000.0,2018-09-28T12:47:10.081000Z
1.1581299999999999,1.15814,1000000.0,1000000.0,2018-09-28T12:47:21.429000Z
1.1581299999999999,1.15815,1000000.0,3000000.0,2018-09-28T12:47:21.978000Z
1.15812,1.15815,2440000.0572,1840000.0334,2018-09-28T12:47:23.434000Z
1.15812,1.15814,1000000.0,1000000.0,2018-09-28T12:47:24.307000Z
1.15814,1.15815,1000000.0,1950000.0477,2018-09-28T12:47:24.849000Z
1.15814,1.15816,1250000.0,1500000.0,2018-09-28T12:47:25.397000Z
1.1581299999999999,1.15814,1000000.0,6190000.0572,2018-09-28T12:47:25.711000Z
1.1581100000000002,1.15814,6000000.0,2250000.0,2018-09-28T12:47:25.763000Z
1.1581299999999999,1.15814,1500000.0,2250000.0,2018-09-28T12:47:25.816000Z
1.1581100000000002,1.15814,6260000.2289,1500000.0,2018-09-28T12:47:26.004000Z
1.1581100000000002,1.15814,6260000.2289,2250000.0,2018-09-28T12:47:26.698000Z
1.15809,1.1581000000000001,1000000.0,10159999.8474,2018-09-28T12:47:26.983000Z
1.15805,1.1580700000000002,4309999.9428,3970000.0286,2018-09-28T12:47:27.139000Z
1.15804,1.15805,1120000.0048,1950000.0477,2018-09-28T12:47:27.192000Z
1.15803,1.15805,2250000.0,1950000.0477,2018-09-28T12:47:27.245000Z
1.15802,1.15805,1100000.0238,2700000.0477,2018-09-28T12:47:27.764000Z
1.15802,1.15803,1000000.0,1500000.0,2018-09-28T12:47:29.040000Z
1.15803,1.15804,1000000.0,1500000.0,2018-09-28T12:47:31.680000Z
1.15806,1.1580700000000002,2250000.0,1950000.0477,2018-09-28T12:47:32.188000Z
1.15806,1.15808,1500000.0,1500000.0,2018-09-28T12:47:32.291000Z
1.15804,1.15808,1690000.0572,2700000.0477,2018-09-28T12:47:32.718000Z
1.15804,1.1580700000000002,1500000.0,5699999.8093,2018-09-28T12:47:33.190000Z
1.15802,1.15806,2890000.1049,1200000.0477,2018-09-28T12:47:33.704000Z
1.15802,1.15805,1500000.0,1690000.0572,2018-09-28T12:47:35.110000Z
1.15802,1.15804,1000000.0,1120000.0048,2018-09-28T12:47:35.611000Z
1.15801,1.15804,1500000.0,1870000.0048,2018-09-28T12:47:36.711000Z
1.1580000000000001,1.15802,8250000.0,1000000.0,2018-09-28T12:47:37.058000Z
1.15802,1.15803,1000000.0,1000000.0,2018-09-28T12:47:37.112000Z
1.15801,1.15804,1690000.0572,1690000.0572,2018-09-28T12:47:37.679000Z
1.15802,1.15804,1000000.0,1250000.0,2018-09-28T12:47:38.227000Z
1.15804,1.15806,2140000.1049,3750000.0,2018-09-28T12:47:38.407000Z
1.15805,1.15808,2250000.0,2619999.8856,2018-09-28T12:47:38.562000Z
1.15806,1.15809,1870000.0048,9000000.0,2018-09-28T12:47:38.768000Z
1.15806,1.15809,6190000.0572,1690000.0572,2018-09-28T12:47:40.228000Z
1.1580700000000002,1.15809,1000000.0,1690000.0572,2018-09-28T12:47:40.768000Z
1.15806,1.15809,6190000.0572,1690000.0572,2018-09-28T12:47:41.429000Z
1.1580700000000002,1.15809,1000000.0,1690000.0572,2018-09-28T12:47:41.970000Z
1.15806,1.15809,6639999.8665,1690000.0572,2018-09-28T12:47:42.546000Z
1.1580700000000002,1.15809,1000000.0,1500000.0,2018-09-28T12:47:43.337000Z
1.1580700000000002,1.1581100000000002,6639999.8665,8470000.267,2018-09-28T12:47:43.651000Z
1.1580700000000002,1.1581100000000002,3819999.9332,7090000.1526,2018-09-28T12:47:44.180000Z
1.1580700000000002,1.1581100000000002,3069999.9332,4650000.0954,2018-09-28T12:47:44.751000Z
1.15808,1.1581000000000001,1000000.0,1500000.0,2018-09-28T12:47:45.279000Z
1.1580700000000002,1.1581000000000001,2250000.0,1000000.0,2018-09-28T12:47:45.797000Z
1.15806,1.15809,1200000.0477,5699999.8093,2018-09-28T12:47:47.424000Z
1.1580700000000002,1.15809,1000000.0,3750000.0,2018-09-28T12:47:48.051000Z
1.1580700000000002,1.15809,4389999.8665,1000000.0,2018-09-28T12:47:48.770000Z
1.1580700000000002,1.15809,1200000.0477,1250000.0,2018-09-28T12:47:49.330000Z
1.15805,1.15808,3450000.0477,4349999.9046,2018-09-28T12:47:51.709000Z
1.15805,1.15808,14060000.4196,1000000.0,2018-09-28T12:47:51.884000Z
1.15806,1.15808,1190000.0572,1000000.0,2018-09-28T12:47:51.987000Z
1.15806,1.15808,1690000.0572,1500000.0,2018-09-28T12:47:56.490000Z
1.1580700000000002,1.15808,1250000.0,1000000.0,2018-09-28T12:47:58.318000Z
1.15809,1.1581000000000001,3970000.0286,1950000.0477,2018-09-28T12:48:00.917000Z
1.1581000000000001,1.1581100000000002,1570000.0525,2250000.0,2018-09-28T12:48:01.104000Z
1.15808,1.15809,1000000.0,1000000.0,2018-09-28T12:48:01.159000Z
1.1580700000000002,1.15809,1200000.0477,1500000.0,2018-09-28T12:48:01.726000Z
1.15806,1.15809,1870000.0048,2619999.8856,2018-09-28T12:48:02.831000Z
1.15806,1.15809,1950000.0477,6260000.2289,2018-09-28T12:48:03.834000Z
1.15806,1.15808,5889999.8665,1120000.0048,2018-09-28T12:48:04.371000Z
1.15805,1.15806,5320000.1717,1870000.0048,2018-09-28T12:48:07.277000Z
1.15803,1.15806,4199999.8093,1120000.0048,2018-09-28T12:48:07.484000Z
1.15803,1.15806,1870000.0048,6300000.1907,2018-09-28T12:48:07.863000Z
1.15802,1.15805,4869999.8856,1500000.0,2018-09-28T12:48:08.378000Z
1.15799,1.15801,4119999.8856,5099999.9046,2018-09-28T12:48:16.017000Z
1.1579700000000002,1.1580000000000001,1250000.0,6519999.9809,2018-09-28T12:48:16.230000Z
1.15799,1.1580000000000001,8439999.5804,1000000.0,2018-09-28T12:48:16.391000Z
1.1580000000000001,1.15803,8060000.4196,2440000.0572,2018-09-28T12:48:16.525000Z
1.15801,1.15803,3450000.0477,1120000.0048,2018-09-28T12:48:17.045000Z
1.15801,1.15804,2319999.9332,1500000.0,2018-09-28T12:48:17.695000Z
1.15802,1.15804,1289999.9619,2440000.0572,2018-09-28T12:48:18.198000Z
1.15802,1.15804,1200000.0477,1500000.0,2018-09-28T12:48:18.750000Z
1.15801,1.15803,1500000.0,2250000.0,2018-09-28T12:48:19.270000Z
1.15799,1.15802,8319999.6948,1120000.0048,2018-09-28T12:48:19.708000Z
1.1580000000000001,1.15802,3000000.0,2619999.8856,2018-09-28T12:48:21.026000Z
1.15798,1.15802,3819999.9332,3970000.0286,2018-09-28T12:48:21.925000Z
1.15799,1.15802,1500000.0,3970000.0286,2018-09-28T12:48:22.487000Z
1.15799,1.15802,1200000.0477,8140000.3433,2018-09-28T12:48:23.155000Z
1.15796,1.1580000000000001,5699999.8093,4869999.8856,2018-09-28T12:48:23.831000Z
1.15795,1.15798,11699999.8093,1500000.0,2018-09-28T12:48:24.251000Z
1.15796,1.15798,6639999.8665,1000000.0,2018-09-28T12:48:24.753000Z
1.1579700000000002,1.15799,1000000.0,1120000.0048,2018-09-28T12:48:25.288000Z
1.15796,1.15799,4760000.2289,1120000.0048,2018-09-28T12:48:26.109000Z
1.1579700000000002,1.15799,2140000.1049,1000000.0,2018-09-28T12:48:26.647000Z
1.15799,1.15802,1250000.0,7570000.1717,2018-09-28T12:48:26.699000Z
1.15798,1.15802,2440000.0572,8510000.2289,2018-09-28T12:48:27.143000Z
1.1579700000000002,1.15799,1000000.0,1720000.0286,2018-09-28T12:48:27.660000Z
1.1579700000000002,1.15799,1700000.0477,1120000.0048,2018-09-28T12:48:28.171000Z
1.1579700000000002,1.15799,1000000.0,1120000.0048,2018-09-28T12:48:28.881000Z
1.1579700000000002,1.15798,1000000.0,1000000.0,2018-09-28T12:48:29.421000Z
1.15796,1.15798,8699999.8093,1000000.0,2018-09-28T12:48:29.926000Z
1.1579700000000002,1.15798,1000000.0,1000000.0,2018-09-28T12:48:30.466000Z
1.15796,1.15798,2890000.1049,1000000.0,2018-09-28T12:48:32.024000Z
1.1579700000000002,1.15798,1500000.0,1000000.0,2018-09-28T12:48:32.596000Z
1.15796,1.15798,8140000.3433,1000000.0,2018-09-28T12:48:33.153000Z
1.1579700000000002,1.15798,1000000.0,1000000.0,2018-09-28T12:48:34.251000Z
1.15796,1.15798,2890000.1049,1000000.0,2018-09-28T12:48:34.769000Z
1.15795,1.15796,4199999.8093,1000000.0,2018-09-28T12:48:35.232000Z
1.15791,1.15793,4760000.2289,1500000.0,2018-09-28T12:48:35.546000Z
1.1579000000000002,1.15793,2509999.9905,4500000.0,2018-09-28T12:48:36.107000Z
1.15792,1.15793,1000000.0,1000000.0,2018-09-28T12:48:36.560000Z
1.15792,1.15794,1100000.0238,1120000.0048,2018-09-28T12:48:36.614000Z
1.15791,1.15794,2059999.9428,4309999.9428,2018-09-28T12:48:37.134000Z
1.1579000000000002,1.15793,7199999.8093,1120000.0048,2018-09-28T12:48:38.031000Z
1.15792,1.15794,1000000.0,2440000.0572,2018-09-28T12:48:38.533000Z
1.15791,1.15794,7949999.8093,1500000.0,2018-09-28T12:48:39.107000Z
1.15793,1.15794,1000000.0,1000000.0,2018-09-28T12:48:39.262000Z
1.15791,1.15794,4119999.8856,2250000.0,2018-09-28T12:48:39.365000Z
1.15791,1.15794,5619999.8856,1870000.0048,2018-09-28T12:48:39.904000Z
1.15792,1.15794,1000000.0,1870000.0048,2018-09-28T12:48:40.628000Z
1.15791,1.15793,1950000.0477,3000000.0,2018-09-28T12:48:41.140000Z
1.1578700000000002,1.15789,7119999.8856,1500000.0,2018-09-28T12:48:41.247000Z
1.15785,1.1578600000000001,2890000.1049,1000000.0,2018-09-28T12:48:41.424000Z
1.15783,1.1578600000000001,1389999.9857,6409999.8474,2018-09-28T12:48:41.866000Z
1.15785,1.1578700000000002,2500000.0,6300000.1907,2018-09-28T12:48:42.559000Z
1.15782,1.15785,3259999.9905,5320000.1717,2018-09-28T12:48:42.611000Z
1.15785,1.1578600000000001,1250000.0,1000000.0,2018-09-28T12:48:42.924000Z
1.1578700000000002,1.1579000000000002,1000000.0,4119999.8856,2018-09-28T12:48:43.135000Z
1.1578600000000001,1.1579000000000002,4199999.8093,4989999.7711,2018-09-28T12:48:43.823000Z
1.15785,1.1578700000000002,1950000.0477,5059999.9428,2018-09-28T12:48:44.284000Z
1.15782,1.15785,9069999.6948,1870000.0048,2018-09-28T12:48:44.445000Z
1.1578000000000002,1.15784,2890000.1049,10310000.4196,2018-09-28T12:48:44.868000Z
1.15779,1.15781,1950000.0477,3000000.0,2018-09-28T12:48:45.981000Z
1.1577600000000001,1.1578000000000002,8890000.3433,5250000.0,2018-09-28T12:48:46.084000Z
1.1577600000000001,1.15778,3000000.0,1120000.0048,2018-09-28T12:48:46.340000Z
1.15778,1.15779,1000000.0,1000000.0,2018-09-28T12:48:46.682000Z
1.1577700000000002,1.15779,1200000.0477,3750000.0,2018-09-28T12:48:47.192000Z
1.1577700000000002,1.15778,1000000.0,3369999.8856,2018-09-28T12:48:48.802000Z
1.15774,1.1577700000000002,1950000.0477,3369999.8856,2018-09-28T12:48:48.915000Z
1.1577600000000001,1.1577700000000002,1000000.0,2619999.8856,2018-09-28T12:48:49.625000Z
1.15774,1.1577600000000001,3559999.9428,1500000.0,2018-09-28T12:48:49.835000Z
1.1577600000000001,1.15778,1250000.0,4119999.8856,2018-09-28T12:48:50.164000Z
1.1577600000000001,1.15779,3069999.9332,3940000.0572,2018-09-28T12:48:50.811000Z
1.1577600000000001,1.15779,4570000.1717,4500000.0,2018-09-28T12:48:51.363000Z
1.1577600000000001,1.15779,4570000.1717,2250000.0,2018-09-28T12:48:52.090000Z
1.1577600000000001,1.15779,3640000.1049,2250000.0,2018-09-28T12:48:52.604000Z
1.1577600000000001,1.15779,3819999.9332,3000000.0,2018-09-28T12:48:53.155000Z
1.1577600000000001,1.15779,1570000.0525,4500000.0,2018-09-28T12:48:53.813000Z
1.1577700000000002,1.15778,1120000.0048,1120000.0048,2018-09-28T12:48:54.361000Z
1.15774,1.1577600000000001,8319999.6948,3039999.9619,2018-09-28T12:48:57.039000Z
1.15769,1.1577,1500000.0,1500000.0,2018-09-28T12:48:57.162000Z
1.1576700000000002,1.1577,3920000.0763,1500000.0,2018-09-28T12:48:57.701000Z
1.1576700000000002,1.1577,1500000.0,4500000.0,2018-09-28T12:48:58.239000Z
1.1576700000000002,1.1577,1500000.0,4500000.0,2018-09-28T12:49:00.081000Z
1.1576600000000001,1.1577,11319999.6948,8439999.5804,2018-09-28T12:49:01.568000Z
1.1576600000000001,1.15769,6070000.1717,1350000.0238,2018-09-28T12:49:02.090000Z
1.1576600000000001,1.15769,4199999.8093,2099999.9046,2018-09-28T12:49:02.883000Z
1.15763,1.1576600000000001,2140000.1049,1500000.0,2018-09-28T12:49:02.987000Z
1.15762,1.15765,4199999.8093,1000000.0,2018-09-28T12:49:03.551000Z
1.15762,1.1576600000000001,1950000.0477,6940000.0572,2018-09-28T12:49:04.087000Z
1.15762,1.15764,1000000.0,2250000.0,2018-09-28T12:49:04.468000Z
1.15762,1.15765,1690000.0572,9000000.0,2018-09-28T12:49:06.190000Z
1.15768,1.1577,1500000.0,3000000.0,2018-09-28T12:49:06.511000Z
1.15769,1.15771,1000000.0,7199999.8093,2018-09-28T12:49:06.881000Z
1.15772,1.15773,1950000.0477,3000000.0,2018-09-28T12:49:07.137000Z
1.15771,1.15775,1950000.0477,10010000.2289,2018-09-28T12:49:07.470000Z
1.15771,1.15772,2700000.0477,1500000.0,2018-09-28T12:49:07.524000Z
1.15771,1.15774,1000000.0,2319999.9332,2018-09-28T12:49:07.884000Z
1.15771,1.15773,1000000.0,2140000.1049,2018-09-28T12:49:08.354000Z
1.15768,1.15772,2250000.0,6639999.8665,2018-09-28T12:49:08.485000Z
1.15768,1.1577,1500000.0,4539999.9619,2018-09-28T12:49:08.537000Z
1.15769,1.15771,1000000.0,1690000.0572,2018-09-28T12:49:09.053000Z
1.15771,1.15773,3000000.0,1570000.0525,2018-09-28T12:49:09.542000Z
1.15768,1.15771,1450000.0477,1000000.0,2018-09-28T12:49:09.881000Z
1.15769,1.15772,3000000.0,3000000.0,2018-09-28T12:49:10.401000Z
1.15771,1.15773,2440000.0572,1950000.0477,2018-09-28T12:49:11.429000Z
1.15768,1.1577,1000000.0,6449999.8093,2018-09-28T12:49:11.744000Z
1.1576600000000001,1.1577,1500000.0,5510000.2289,2018-09-28T12:49:11.797000Z
1.1576600000000001,1.15768,1500000.0,1500000.0,2018-09-28T12:49:11.905000Z
1.15763,1.1576700000000002,3069999.9332,5320000.1717,2018-09-28T12:49:11.962000Z
1.15763,1.15765,1000000.0,1389999.9857,2018-09-28T12:49:13.090000Z
1.15762,1.15764,1500000.0,1500000.0,2018-09-28T12:49:13.592000Z
1.15761,1.15762,1500000.0,1000000.0,2018-09-28T12:49:17.037000Z
1.1575700000000002,1.1576,7289999.9619,2700000.0477,2018-09-28T12:49:17.140000Z
1.15761,1.15762,1500000.0,4949999.8093,2018-09-28T12:49:17.322000Z
1.15762,1.15763,1000000.0,1000000.0,2018-09-28T12:49:17.428000Z
1.15765,1.1576700000000002,3750000.0,2359999.8951,2018-09-28T12:49:17.872000Z
1.1576600000000001,1.15768,1000000.0,1500000.0,2018-09-28T12:49:18.382000Z
1.15765,1.1576700000000002,1000000.0,1100000.0238,2018-09-28T12:49:18.931000Z
1.15768,1.15769,1000000.0,1100000.0238,2018-09-28T12:49:21.975000Z
1.15768,1.15771,4010000.2289,1950000.0477,2018-09-28T12:49:22.324000Z
1.1577,1.15772,2250000.0,2619999.8856,2018-09-28T12:49:22.538000Z
1.15772,1.15773,1250000.0,1000000.0,2018-09-28T12:49:22.982000Z
1.15772,1.15774,2140000.1049,1000000.0,2018-09-28T12:49:23.503000Z
1.15772,1.15774,2140000.1049,1000000.0,2018-09-28T12:49:29.033000Z
1.15775,1.1577700000000002,1539999.9619,2250000.0,2018-09-28T12:49:29.487000Z
1.1577700000000002,1.1578000000000002,4389999.8665,1570000.0525,2018-09-28T12:49:29.601000Z
1.1577700000000002,1.1578000000000002,4010000.2289,1000000.0,2018-09-28T12:49:30.110000Z
1.1577700000000002,1.15781,5139999.8665,2440000.0572,2018-09-28T12:49:32.623000Z
1.1578000000000002,1.15782,2440000.0572,7869999.8856,2018-09-28T12:49:32.934000Z
1.15779,1.15781,1200000.0477,1000000.0,2018-09-28T12:49:33.466000Z
1.15778,1.15781,1950000.0477,1500000.0,2018-09-28T12:49:34.194000Z
1.15778,1.15781,3640000.1049,1000000.0,2018-09-28T12:49:36.054000Z
1.15778,1.1578000000000002,4309999.9428,1000000.0,2018-09-28T12:49:37.091000Z
1.15778,1.15779,1500000.0,1000000.0,2018-09-28T12:49:38.082000Z
1.1577700000000002,1.15781,2509999.9905,1000000.0,2018-09-28T12:49:38.502000Z
1.1578000000000002,1.15782,2440000.0572,1200000.0477,2018-09-28T12:49:38.792000Z
1.1578000000000002,1.15783,2140000.1049,1570000.0525,2018-09-28T12:49:39.305000Z
1.15779,1.15781,3450000.0477,1000000.0,2018-09-28T12:49:39.659000Z
1.1577700000000002,1.15781,2700000.0477,2619999.8856,2018-09-28T12:49:40.020000Z
1.1577700000000002,1.15781,2890000.1049,2250000.0,2018-09-28T12:49:40.532000Z
1.1577700000000002,1.15781,3190000.0572,5139999.8665,2018-09-28T12:49:41.108000Z
1.15778,1.15781,1389999.9857,4570000.1717,2018-09-28T12:49:41.448000Z
1.1577700000000002,1.15781,3640000.1049,5699999.8093,2018-09-28T12:49:41.982000Z
1.1577700000000002,1.1578000000000002,3190000.0572,1000000.0,2018-09-28T12:49:42.741000Z
1.1577700000000002,1.15779,2440000.0572,1000000.0,2018-09-28T12:49:43.255000Z
1.15775,1.1577600000000001,2700000.0477,1000000.0,2018-09-28T12:49:46.298000Z
1.15772,1.15775,1500000.0,1870000.0048,2018-09-28T12:49:46.506000Z
1.15771,1.15774,7010000.2289,1000000.0,2018-09-28T12:49:47.007000Z
1.15771,1.15775,7010000.2289,7309999.9428,2018-09-28T12:49:47.808000Z
1.15772,1.15774,1000000.0,1000000.0,2018-09-28T12:49:48.355000Z
1.15771,1.15774,7760000.2289,1000000.0,2018-09-28T12:49:49.615000Z
1.15772,1.15774,3190000.0572,1000000.0,2018-09-28T12:49:49.949000Z
1.15772,1.15775,1190000.0572,5250000.0,2018-09-28T12:49:50.740000Z
1.15771,1.15775,7010000.2289,4500000.0,2018-09-28T12:49:51.002000Z
1.15772,1.15775,1950000.0477,4199999.8093,2018-09-28T12:49:51.549000Z
1.15771,1.15774,3259999.9905,1200000.0477,2018-09-28T12:49:52.155000Z
1.15771,1.15774,3259999.9905,1000000.0,2018-09-28T12:49:52.727000Z
1.15772,1.15775,1250000.0,3750000.0,2018-09-28T12:49:54.913000Z
1.15772,1.15774,1200000.0477,1000000.0,2018-09-28T12:49:55.747000Z
1.15771,1.15774,2890000.1049,1500000.0,2018-09-28T12:49:56.296000Z
1.15771,1.15772,1000000.0,1000000.0,2018-09-28T12:49:56.700000Z
1.15769,1.15771,1000000.0,1570000.0525,2018-09-28T12:49:56.903000Z
1.15768,1.15769,1690000.0572,1000000.0,2018-09-28T12:49:57.437000Z
1.15768,1.1577,1389999.9857,4500000.0,2018-09-28T12:49:58.050000Z
1.15768,1.15769,1389999.9857,1000000.0,2018-09-28T12:49:58.949000Z
1.15768,1.1577,2140000.1049,2250000.0,2018-09-28T12:49:59.525000Z
1.1577,1.15771,1000000.0,2619999.8856,2018-09-28T12:50:00.195000Z
1.15771,1.15773,2890000.1049,1000000.0,2018-09-28T12:50:00.512000Z
1.15772,1.15775,1389999.9857,4949999.8093,2018-09-28T12:50:01.236000Z
1.15773,1.15775,2440000.0572,3000000.0,2018-09-28T12:50:01.755000Z
1.15775,1.1577700000000002,3940000.0572,5320000.1717,2018-09-28T12:50:02.056000Z
1.1577700000000002,1.15779,2440000.0572,2250000.0,2018-09-28T12:50:02.160000Z
1.1577600000000001,1.15778,3640000.1049,1000000.0,2018-09-28T12:50:03.663000Z
1.1577700000000002,1.15779,1000000.0,1500000.0,2018-09-28T12:50:04.257000Z
1.1577700000000002,1.15779,1950000.0477,1000000.0,2018-09-28T12:50:07.400000Z
1.15779,1.15781,2809999.9428,1200000.0477,2018-09-28T12:50:07.605000Z
1.1578000000000002,1.15783,1250000.0,4500000.0,2018-09-28T12:50:07.719000Z
1.15781,1.15782,1000000.0,1500000.0,2018-09-28T12:50:08.264000Z
1.15778,1.15781,1500000.0,1500000.0,2018-09-28T12:50:08.596000Z
1.1577700000000002,1.15778,1000000.0,1000000.0,2018-09-28T12:50:09.170000Z
1.15775,1.1577700000000002,3190000.0572,1000000.0,2018-09-28T12:50:09.349000Z
1.1577600000000001,1.1577700000000002,1000000.0,1000000.0,2018-09-28T12:50:09.890000Z
1.15774,1.1577600000000001,3450000.0477,1000000.0,2018-09-28T12:50:09.943000Z
1.15773,1.15775,4199999.8093,1000000.0,2018-09-28T12:50:10.134000Z
1.15773,1.1577700000000002,2700000.0477,8250000.0,2018-09-28T12:50:12.300000Z
1.15773,1.15775,4690000.0572,1000000.0,2018-09-28T12:50:12.404000Z
1.15773,1.1577700000000002,2440000.0572,8699999.8093,2018-09-28T12:50:12.664000Z
1.15773,1.1577600000000001,3190000.0572,1000000.0,2018-09-28T12:50:13.213000Z
1.15773,1.1577700000000002,2440000.0572,9069999.6948,2018-09-28T12:50:13.788000Z
1.15773,1.1577600000000001,2440000.0572,2619999.8856,2018-09-28T12:50:14.294000Z
1.15774,1.15775,2250000.0,1000000.0,2018-09-28T12:50:22.240000Z
1.1577600000000001,1.15778,1000000.0,1100000.0238,2018-09-28T12:50:22.294000Z
1.15775,1.1577700000000002,2250000.0,1500000.0,2018-09-28T12:50:22.463000Z
1.1577600000000001,1.15778,1000000.0,1500000.0,2018-09-28T12:50:27.233000Z
1.1577600000000001,1.1578000000000002,4690000.0572,5320000.1717,2018-09-28T12:50:27.337000Z
1.15775,1.15779,15449999.8093,1500000.0,2018-09-28T12:50:27.840000Z
1.1577700000000002,1.15779,1389999.9857,1000000.0,2018-09-28T12:50:28.333000Z
1.1578000000000002,1.15781,1500000.0,4500000.0,2018-09-28T12:50:30.657000Z
1.1578000000000002,1.15783,2440000.0572,4119999.8856,2018-09-28T12:50:30.712000Z
1.15781,1.15784,4690000.0572,1500000.0,2018-09-28T12:50:32.642000Z
1.15782,1.15785,1389999.9857,4570000.1717,2018-09-28T12:50:32.796000Z
1.15782,1.15785,1389999.9857,3819999.9332,2018-09-28T12:50:33.380000Z
1.15782,1.15785,2890000.1049,2319999.9332,2018-09-28T12:50:34.315000Z
1.1578700000000002,1.1579000000000002,1200000.0477,1570000.0525,2018-09-28T12:50:34.530000Z
1.1578600000000001,1.15788,7570000.1717,1000000.0,2018-09-28T12:50:34.584000Z
1.15785,1.1578700000000002,1500000.0,5469999.7902,2018-09-28T12:50:34.758000Z
1.15783,1.1578600000000001,3450000.0477,1120000.0048,2018-09-28T12:50:34.810000Z
1.15784,1.1578700000000002,1500000.0,7050000.1907,2018-09-28T12:50:35.969000Z
1.15783,1.1578600000000001,3000000.0,4119999.8856,2018-09-28T12:50:36.580000Z
1.15781,1.15783,6449999.8093,1000000.0,2018-09-28T12:50:36.686000Z
1.15782,1.15784,1000000.0,1690000.0572,2018-09-28T12:50:36.738000Z
1.15782,1.15785,8140000.3433,1000000.0,2018-09-28T12:50:37.273000Z
1.15785,1.1578600000000001,1500000.0,2250000.0,2018-09-28T12:50:37.329000Z
1.15785,1.15789,2440000.0572,11170000.0763,2018-09-28T12:50:37.595000Z
1.15784,1.1578600000000001,4090000.1526,1000000.0,2018-09-28T12:50:37.792000Z
1.15784,1.1578600000000001,1250000.0,2250000.0,2018-09-28T12:50:38.316000Z
1.15785,1.1578700000000002,2440000.0572,1500000.0,2018-09-28T12:50:38.978000Z
1.1578600000000001,1.15789,1000000.0,3000000.0,2018-09-28T12:50:39.195000Z
1.1578600000000001,1.15788,1250000.0,3559999.9428,2018-09-28T12:50:39.676000Z
1.15791,1.15792,2440000.0572,1000000.0,2018-09-28T12:50:40.067000Z
1.15794,1.15796,1250000.0,2140000.1049,2018-09-28T12:50:40.338000Z
1.15796,1.15798,1250000.0,8140000.3433,2018-09-28T12:50:41.246000Z
1.1579700000000002,1.15799,2440000.0572,2619999.8856,2018-09-28T12:50:41.350000Z
1.1579700000000002,1.1580000000000001,1690000.0572,3369999.8856,2018-09-28T12:50:41.902000Z
1.1579700000000002,1.15799,2250000.0,1500000.0,2018-09-28T12:50:42.419000Z
1.1579700000000002,1.15798,1000000.0,1000000.0,2018-09-28T12:50:42.942000Z
1.15796,1.15798,3750000.0,3940000.0572,2018-09-28T12:50:43.734000Z
1.15793,1.1579700000000002,5699999.8093,1690000.0572,2018-09-28T12:50:43.841000Z
1.15793,1.1579700000000002,6449999.8093,2440000.0572,2018-09-28T12:50:43.980000Z
1.15795,1.1579700000000002,1950000.0477,3750000.0,2018-09-28T12:50:44.294000Z
1.15792,1.15796,6639999.8665,4500000.0,2018-09-28T12:50:44.505000Z
1.15791,1.15793,8140000.3433,3250000.0,2018-09-28T12:50:45.047000Z
1.15792,1.15795,5139999.8665,1200000.0477,2018-09-28T12:50:45.409000Z
1.15792,1.15794,8250000.0,1500000.0,2018-09-28T12:50:46.005000Z
1.15791,1.15792,1000000.0,2619999.8856,2018-09-28T12:50:46.056000Z
1.15793,1.15796,1250000.0,7420000.0763,2018-09-28T12:50:46.364000Z
1.15793,1.15796,1500000.0,4949999.8093,2018-09-28T12:50:46.978000Z
1.15792,1.15794,3819999.9332,3750000.0,2018-09-28T12:50:47.135000Z
1.15794,1.15795,2250000.0,1120000.0048,2018-09-28T12:50:47.437000Z
1.15795,1.1579700000000002,1500000.0,1419999.9571,2018-09-28T12:50:47.643000Z
1.15793,1.1579700000000002,5320000.1717,4349999.9046,2018-09-28T12:50:47.875000Z
1.15791,1.15792,1000000.0,1250000.0,2018-09-28T12:50:48.426000Z
1.15792,1.15795,1200000.0477,4570000.1717,2018-09-28T12:50:48.631000Z
1.15792,1.15793,1500000.0,1000000.0,2018-09-28T12:50:48.838000Z
1.15788,1.15792,4119999.8856,6639999.8665,2018-09-28T12:50:49.001000Z
1.1579000000000002,1.15793,1309999.9428,1500000.0,2018-09-28T12:50:49.257000Z
1.1579000000000002,1.15792,1500000.0,1000000.0,2018-09-28T12:50:49.787000Z
1.1578700000000002,1.1579000000000002,3819999.9332,1000000.0,2018-09-28T12:50:50.692000Z
1.15783,1.1578600000000001,1000000.0,4199999.8093,2018-09-28T12:50:51.045000Z
1.15782,1.15785,2140000.1049,4389999.8665,2018-09-28T12:50:51.769000Z
1.15782,1.15783,1500000.0,2250000.0,2018-09-28T12:50:52.228000Z
1.15774,1.1577600000000001,1000000.0,2319999.9332,2018-09-28T12:50:52.564000Z
1.15774,1.1577600000000001,1000000.0,1200000.0477,2018-09-28T12:50:52.616000Z
1.15772,1.1577600000000001,4760000.2289,2809999.9428,2018-09-28T12:50:52.774000Z
1.15775,1.1577600000000001,1000000.0,1000000.0,2018-09-28T12:50:52.968000Z
1.1577700000000002,1.15779,1000000.0,3940000.0572,2018-09-28T12:50:53.076000Z
1.15775,1.1577700000000002,3940000.0572,1000000.0,2018-09-28T12:50:53.184000Z
1.15775,1.15779,10460000.0381,8739999.7711,2018-09-28T12:50:53.417000Z
1.15775,1.15779,7840000.1526,6639999.8665,2018-09-28T12:50:54.052000Z
1.1577600000000001,1.15779,1570000.0525,3069999.9332,2018-09-28T12:50:54.558000Z
1.1577700000000002,1.15779,1000000.0,1009999.9905,2018-09-28T12:50:55.095000Z
1.15778,1.1578000000000002,1000000.0,2700000.0477,2018-09-28T12:50:55.637000Z
1.1577700000000002,1.1578000000000002,2250000.0,1950000.0477,2018-09-28T12:50:56.167000Z
1.1577600000000001,1.15779,3000000.0,1250000.0,2018-09-28T12:50:56.700000Z
1.1577600000000001,1.1577700000000002,1000000.0,1500000.0,2018-09-28T12:50:56.884000Z
1.15774,1.1577700000000002,3900000.0954,4119999.8856,2018-09-28T12:50:56.939000Z
1.15775,1.1577700000000002,1000000.0,3000000.0,2018-09-28T12:50:57.254000Z
1.15774,1.1577700000000002,1500000.0,2250000.0,2018-09-28T12:50:57.413000Z
1.15775,1.1577700000000002,2440000.0572,2319999.9332,2018-09-28T12:50:58.203000Z
1.1577700000000002,1.15778,1000000.0,1000000.0,2018-09-28T12:50:58.692000Z
1.15778,1.15779,1000000.0,2250000.0,2018-09-28T12:50:59.243000Z
1.1577600000000001,1.15778,2250000.0,1000000.0,2018-09-28T12:51:01.073000Z
1.1577700000000002,1.1578000000000002,1000000.0,11510000.2289,2018-09-28T12:51:01.433000Z
1.15778,1.1578000000000002,1000000.0,4500000.0,2018-09-28T12:51:02.508000Z
1.1578000000000002,1.15781,1000000.0,1000000.0,2018-09-28T12:51:05.235000Z
1.1578000000000002,1.15782,1200000.0477,1000000.0,2018-09-28T12:51:05.744000Z
1.15782,1.15784,1000000.0,4309999.9428,2018-09-28T12:51:06.259000Z
1.1578000000000002,1.15781,1000000.0,1500000.0,2018-09-28T12:51:06.589000Z
1.1578000000000002,1.15782,1000000.0,7949999.8093,2018-09-28T12:51:09.487000Z
1.1578000000000002,1.15781,1000000.0,1000000.0,2018-09-28T12:51:10.064000Z
1.1578000000000002,1.15782,1000000.0,12449999.8093,2018-09-28T12:51:10.617000Z
1.1578000000000002,1.15781,1000000.0,1500000.0,2018-09-28T12:51:11.126000Z
1.15781,1.15783,3000000.0,1759999.9905,2018-09-28T12:51:11.388000Z
1.15782,1.15784,1000000.0,3000000.0,2018-09-28T12:51:11.440000Z
1.15782,1.15784,1000000.0,4570000.1717,2018-09-28T12:51:11.964000Z
1.15782,1.15784,1000000.0,4500000.0,2018-09-28T12:51:14.497000Z
1.15784,1.1578600000000001,2250000.0,4869999.8856,2018-09-28T12:51:14.699000Z
1.15785,1.1578700000000002,1500000.0,3640000.1049,2018-09-28T12:51:15.805000Z
1.1578600000000001,1.15788,1000000.0,4199999.8093,2018-09-28T12:51:15.857000Z
1.1578700000000002,1.15789,1000000.0,4690000.0572,2018-09-28T12:51:15.962000Z
1.15788,1.1579000000000002,1000000.0,1000000.0,2018-09-28T12:51:16.465000Z
1.15788,1.15791,1000000.0,2250000.0,2018-09-28T12:51:17.020000Z
1.15789,1.15791,1000000.0,5250000.0,2018-09-28T12:51:17.553000Z
1.15789,1.15791,1000000.0,4389999.8665,2018-09-28T12:51:18.656000Z
1.15789,1.15791,1000000.0,3369999.8856,2018-09-28T12:51:19.168000Z
1.15789,1.15791,1000000.0,6639999.8665,2018-09-28T12:51:21.030000Z
1.15789,1.15791,1000000.0,2700000.0477,2018-09-28T12:51:21.594000Z
1.1579000000000002,1.15791,3190000.0572,1000000.0,2018-09-28T12:51:22.615000Z
1.15789,1.1579000000000002,1000000.0,1000000.0,2018-09-28T12:51:23.138000Z
1.15789,1.15791,1000000.0,4570000.1717,2018-09-28T12:51:23.740000Z
1.15789,1.1579000000000002,1000000.0,1000000.0,2018-09-28T12:51:24.280000Z
1.1579000000000002,1.15792,1690000.0572,1500000.0,2018-09-28T12:51:24.542000Z
1.15792,1.15793,1000000.0,5619999.8856,2018-09-28T12:51:24.599000Z
1.15792,1.15794,1000000.0,1000000.0,2018-09-28T12:51:24.915000Z
1.15793,1.15794,1000000.0,1000000.0,2018-09-28T12:51:25.437000Z
1.15793,1.15795,1000000.0,6940000.0572,2018-09-28T12:51:25.969000Z
1.15795,1.1579700000000002,1000000.0,12819999.6948,2018-09-28T12:51:26.260000Z
1.15796,1.15798,2509999.9905,1000000.0,2018-09-28T12:51:26.363000Z
1.1579700000000002,1.15799,1000000.0,1690000.0572,2018-09-28T12:51:26.891000Z
1.1579700000000002,1.1580000000000001,1000000.0,5659999.8474,2018-09-28T12:51:28.848000Z
1.1579700000000002,1.15799,1000000.0,1000000.0,2018-09-28T12:51:29.890000Z
1.1579700000000002,1.1580000000000001,1000000.0,1870000.0048,2018-09-28T12:51:30.509000Z
1.1579700000000002,1.1580000000000001,1570000.0525,2809999.9428,2018-09-28T12:51:31.280000Z
1.1579700000000002,1.15801,1570000.0525,10159999.8474,2018-09-28T12:51:32.125000Z
1.1580000000000001,1.15802,1000000.0,4570000.1717,2018-09-28T12:51:32.229000Z
1.15804,1.1580700000000002,3750000.0,9000000.0,2018-09-28T12:51:32.539000Z
1.15804,1.1580700000000002,1000000.0,8619999.8856,2018-09-28T12:51:33.066000Z
1.15802,1.15805,4949999.8093,4119999.8856,2018-09-28T12:51:33.734000Z
1.15801,1.15803,10949999.8093,2250000.0,2018-09-28T12:51:33.834000Z
1.1580000000000001,1.15801,1000000.0,1500000.0,2018-09-28T12:51:33.886000Z
1.15801,1.15803,1000000.0,1950000.0477,2018-09-28T12:51:33.940000Z
1.15803,1.15806,1000000.0,7010000.2289,2018-09-28T12:51:34.045000Z
1.15803,1.1580700000000002,8890000.3433,4949999.8093,2018-09-28T12:51:35.735000Z
1.15806,1.15808,2250000.0,4010000.2289,2018-09-28T12:51:35.840000Z
1.15808,1.1581000000000001,2319999.9332,1000000.0,2018-09-28T12:51:36.168000Z
1.15809,1.1581100000000002,1000000.0,7500000.0,2018-09-28T12:51:39.745000Z
1.15809,1.1581100000000002,4949999.8093,4119999.8856,2018-09-28T12:51:42.845000Z
1.1581299999999999,1.15815,1500000.0,1000000.0,2018-09-28T12:51:43.116000Z
1.1581299999999999,1.15816,2890000.1049,4500000.0,2018-09-28T12:51:45.880000Z
1.15814,1.15815,1200000.0477,1000000.0,2018-09-28T12:51:46.427000Z
1.15814,1.15816,1200000.0477,3000000.0,2018-09-28T12:51:46.933000Z
1.1581299999999999,1.15815,2700000.0477,1000000.0,2018-09-28T12:51:47.463000Z
1.1581299999999999,1.15815,1200000.0477,1000000.0,2018-09-28T12:51:48.013000Z
1.15816,1.1581700000000001,1120000.0048,2619999.8856,2018-09-28T12:51:51.115000Z
1.15818,1.1582000000000001,1000000.0,4119999.8856,2018-09-28T12:51:51.456000Z
1.1581700000000001,1.15819,1570000.0525,1690000.0572,2018-09-28T12:51:51.508000Z
1.15816,1.15818,3819999.9332,1250000.0,2018-09-28T12:51:52.056000Z
1.1581299999999999,1.15816,4570000.1717,3000000.0,2018-09-28T12:51:52.262000Z
1.1581299999999999,1.15815,1950000.0477,1000000.0,2018-09-28T12:51:53.112000Z
1.15816,1.15818,3750000.0,6750000.0,2018-09-28T12:51:55.908000Z
1.1581700000000001,1.1582000000000001,2319999.9332,8810000.4196,2018-09-28T12:51:56.120000Z
1.1581700000000001,1.15819,1570000.0525,1000000.0,2018-09-28T12:51:56.745000Z
1.15818,1.1582000000000001,2619999.8856,1120000.0048,2018-09-28T12:51:57.542000Z
1.1582100000000002,1.15822,1309999.9428,5099999.9046,2018-09-28T12:51:58.144000Z
1.15822,1.15825,1100000.0238,6039999.9619,2018-09-28T12:51:58.196000Z
1.15823,1.15825,1000000.0,2059999.9428,2018-09-28T12:51:59.136000Z
1.15823,1.15824,1000000.0,1250000.0,2018-09-28T12:51:59.704000Z
1.15822,1.15824,1200000.0477,2440000.0572,2018-09-28T12:52:00.221000Z
1.15822,1.15823,1200000.0477,1000000.0,2018-09-28T12:52:01.266000Z
1.15822,1.15824,1100000.0238,1250000.0,2018-09-28T12:52:01.782000Z
1.15826,1.1582700000000001,3000000.0,2319999.9332,2018-09-28T12:52:02.257000Z
1.1582700000000001,1.15828,2250000.0,1570000.0525,2018-09-28T12:52:02.309000Z
1.15828,1.1583,1000000.0,4119999.8856,2018-09-28T12:52:02.412000Z
1.1583100000000002,1.15833,2319999.9332,1500000.0,2018-09-28T12:52:02.736000Z
1.1583,1.1583100000000002,1200000.0477,1000000.0,2018-09-28T12:52:02.787000Z
1.15828,1.15829,3069999.9332,1000000.0,2018-09-28T12:52:02.890000Z
1.15828,1.1583100000000002,2440000.0572,1120000.0048,2018-09-28T12:52:02.993000Z
1.15828,1.1583100000000002,2319999.9332,5809999.9428,2018-09-28T12:52:03.497000Z
1.15828,1.1583,3250000.0,5440000.0572,2018-09-28T12:52:03.963000Z
1.15829,1.1583100000000002,1250000.0,1120000.0048,2018-09-28T12:52:04.222000Z
1.1582700000000001,1.1583100000000002,4199999.8093,10500000.0,2018-09-28T12:52:04.743000Z
1.15826,1.15829,4949999.8093,2250000.0,2018-09-28T12:52:04.849000Z
1.15825,1.1582700000000001,9449999.8093,1000000.0,2018-09-28T12:52:05.153000Z
1.15824,1.15826,9069999.6948,1000000.0,2018-09-28T12:52:05.256000Z
1.15824,1.1582700000000001,7199999.8093,2619999.8856,2018-09-28T12:52:05.785000Z
1.15822,1.15824,1950000.0477,3190000.0572,2018-09-28T12:52:06.222000Z
1.1582100000000002,1.15824,2509999.9905,4500000.0,2018-09-28T12:52:06.326000Z
1.15822,1.15824,1100000.0238,1870000.0048,2018-09-28T12:52:06.847000Z
1.15819,1.1582000000000001,1950000.0477,1500000.0,2018-09-28T12:52:06.968000Z
1.1581700000000001,1.15819,3450000.0477,1690000.0572,2018-09-28T12:52:07.071000Z
1.1581700000000001,1.15819,1950000.0477,1870000.0048,2018-09-28T12:52:07.575000Z
1.15816,1.1581700000000001,1200000.0477,3000000.0,2018-09-28T12:52:07.976000Z
1.15815,1.1581700000000001,1000000.0,10689999.5804,2018-09-28T12:52:08.081000Z
1.15814,1.15815,1000000.0,1000000.0,2018-09-28T12:52:08.134000Z
1.1581299999999999,1.15815,2140000.1049,1000000.0,2018-09-28T12:52:08.655000Z
1.1581700000000001,1.1582000000000001,2059999.9428,3369999.8856,2018-09-28T12:52:08.966000Z
1.15818,1.1582100000000002,1500000.0,7119999.8856,2018-09-28T12:52:09.019000Z
1.15818,1.1582100000000002,1200000.0477,3750000.0,2018-09-28T12:52:11.313000Z
1.15818,1.1582100000000002,1000000.0,6000000.0,2018-09-28T12:52:12.031000Z
1.1581700000000001,1.15819,1120000.0048,1250000.0,2018-09-28T12:52:12.237000Z
1.15812,1.15815,1950000.0477,2440000.0572,2018-09-28T12:52:12.347000Z
1.1581100000000002,1.15812,1570000.0525,1000000.0,2018-09-28T12:52:12.805000Z
1.15809,1.1581100000000002,1000000.0,1500000.0,2018-09-28T12:52:12.931000Z
1.15808,1.1581100000000002,2140000.1049,3750000.0,2018-09-28T12:52:13.446000Z
1.15808,1.1581000000000001,1500000.0,1000000.0,2018-09-28T12:52:14.479000Z
1.15808,1.1581100000000002,1500000.0,6000000.0,2018-09-28T12:52:15.079000Z
1.15808,1.1581000000000001,1679999.9475,1250000.0,2018-09-28T12:52:16.798000Z
1.1580700000000002,1.15809,1000000.0,3000000.0,2018-09-28T12:52:17.311000Z
1.15806,1.1580700000000002,1000000.0,1500000.0,2018-09-28T12:52:19.127000Z
1.15803,1.15805,2250000.0,1000000.0,2018-09-28T12:52:19.445000Z
1.15803,1.15805,1000000.0,1500000.0,2018-09-28T12:52:20.221000Z
1.15803,1.15805,1000000.0,2619999.8856,2018-09-28T12:52:20.834000Z
1.15805,1.15806,2440000.0572,1000000.0,2018-09-28T12:52:21.202000Z
1.1580700000000002,1.15809,1250000.0,1000000.0,2018-09-28T12:52:21.309000Z
1.15806,1.15809,4199999.8093,1000000.0,2018-09-28T12:52:21.838000Z
1.15806,1.1581000000000001,4949999.8093,7460000.0381,2018-09-28T12:52:22.378000Z
1.15808,1.1581000000000001,1500000.0,2319999.9332,2018-09-28T12:52:22.857000Z
1.15812,1.15814,1000000.0,1690000.0572,2018-09-28T12:52:23.188000Z
1.15812,1.15815,1009999.9905,4309999.9428,2018-09-28T12:52:23.484000Z
1.15812,1.15815,1000000.0,7690000.0572,2018-09-28T12:52:24.187000Z
1.15812,1.1581299999999999,1000000.0,1120000.0048,2018-09-28T12:52:26.143000Z
1.1581000000000001,1.15812,1000000.0,9789999.9619,2018-09-28T12:52:26.247000Z
1.15809,1.1581100000000002,1000000.0,2809999.9428,2018-09-28T12:52:26.299000Z
1.1581100000000002,1.1581299999999999,1500000.0,3559999.9428,2018-09-28T12:52:26.459000Z
1.15812,1.15815,1100000.0238,8810000.4196,2018-09-28T12:52:26.723000Z
1.1581100000000002,1.15814,3250000.0,1500000.0,2018-09-28T12:52:27.475000Z
1.1581100000000002,1.15814,3819999.9332,3190000.0572,2018-09-28T12:52:28.125000Z
1.1581100000000002,1.15814,4199999.8093,1690000.0572,2018-09-28T12:52:28.781000Z
1.1581100000000002,1.15814,3450000.0477,4690000.0572,2018-09-28T12:52:29.327000Z
1.1581100000000002,1.15815,4199999.8093,5809999.9428,2018-09-28T12:52:30.065000Z
1.1581100000000002,1.15815,8890000.3433,5619999.8856,2018-09-28T12:52:31.122000Z
1.15812,1.15815,1200000.0477,3000000.0,2018-09-28T12:52:31.224000Z
1.15816,1.15819,1000000.0,3000000.0,2018-09-28T12:52:31.561000Z
1.1581700000000001,1.15819,1000000.0,1000000.0,2018-09-28T12:52:32.077000Z
1.15816,1.15819,6820000.1717,1000000.0,2018-09-28T12:52:32.681000Z
1.1581700000000001,1.15819,1000000.0,1000000.0,2018-09-28T12:52:33.182000Z
1.15816,1.1581700000000001,1100000.0238,1000000.0,2018-09-28T12:52:33.858000Z
1.1581299999999999,1.15816,1200000.0477,4500000.0,2018-09-28T12:52:34.022000Z
1.1581299999999999,1.15816,1000000.0,5250000.0,2018-09-28T12:52:34.554000Z
1.15812,1.1581299999999999,3069999.9332,1250000.0,2018-09-28T12:52:36.649000Z
1.15812,1.15814,1000000.0,1870000.0048,2018-09-28T12:52:37.196000Z
1.15812,1.15814,1000000.0,1250000.0,2018-09-28T12:52:38.087000Z
1.1581299999999999,1.15815,1000000.0,3000000.0,2018-09-28T12:52:38.603000Z
1.15816,1.15818,1000000.0,1870000.0048,2018-09-28T12:52:41.348000Z
1.15816,1.15819,2700000.0477,5250000.0,2018-09-28T12:52:41.502000Z
1.15818,1.15819,1500000.0,1000000.0,2018-09-28T12:52:43.851000Z
1.15818,1.1582000000000001,1000000.0,2440000.0572,2018-09-28T12:52:44.352000Z
1.15816,1.15819,10760000.2289,2440000.0572,2018-09-28T12:52:44.761000Z
1.1581700000000001,1.1582000000000001,1250000.0,5619999.8856,2018-09-28T12:52:45.310000Z
1.15815,1.1581700000000001,2890000.1049,1000000.0,2018-09-28T12:52:45.637000Z
1.1581299999999999,1.15816,4199999.8093,1120000.0048,2018-09-28T12:52:45.842000Z
1.15815,1.1581700000000001,1250000.0,1000000.0,2018-09-28T12:52:47.134000Z
1.15815,1.15818,2140000.1049,2619999.8856,2018-09-28T12:52:47.658000Z
1.1581700000000001,1.15818,1000000.0,2440000.0572,2018-09-28T12:52:51.248000Z
1.1581700000000001,1.15819,1000000.0,1000000.0,2018-09-28T12:52:51.756000Z
1.15816,1.1581700000000001,1000000.0,1000000.0,2018-09-28T12:52:52.233000Z
1.15815,1.1581700000000001,3940000.0572,11439999.5804,2018-09-28T12:52:52.749000Z
1.1581700000000001,1.15818,1000000.0,1000000.0,2018-09-28T12:52:52.801000Z
1.15816,1.1582000000000001,6000000.0,4690000.0572,2018-09-28T12:52:53.059000Z
1.1581700000000001,1.1582000000000001,1250000.0,4119999.8856,2018-09-28T12:52:53.896000Z
1.1581700000000001,1.1582000000000001,1500000.0,3559999.9428,2018-09-28T12:52:54.397000Z
1.1581700000000001,1.15819,1000000.0,1000000.0,2018-09-28T12:52:55.279000Z
1.1581700000000001,1.15818,1000000.0,2099999.9046,2018-09-28T12:52:55.860000Z
1.15815,1.15816,1200000.0477,1000000.0,2018-09-28T12:52:55.919000Z
1.15815,1.1581700000000001,1000000.0,1870000.0048,2018-09-28T12:52:56.443000Z
1.15814,1.15816,1000000.0,3369999.8856,2018-09-28T12:52:58.120000Z
1.15814,1.15816,1000000.0,6000000.0,2018-09-28T12:53:00.765000Z
1.1581299999999999,1.15815,1500000.0,1000000.0,2018-09-28T12:53:02.141000Z
1.1581299999999999,1.15816,1200000.0477,8140000.3433,2018-09-28T12:53:02.655000Z
1.1581299999999999,1.15815,1000000.0,1000000.0,2018-09-28T12:53:03.392000Z
1.1581299999999999,1.15816,1000000.0,5809999.9428,2018-09-28T12:53:03.985000Z
1.1581299999999999,1.15815,1000000.0,1000000.0,2018-09-28T12:53:04.536000Z
1.15815,1.1581700000000001,2250000.0,1500000.0,2018-09-28T12:53:07.146000Z
1.15816,1.15818,1100000.0238,1000000.0,2018-09-28T12:53:07.252000Z
1.15816,1.1581700000000001,1000000.0,2250000.0,2018-09-28T12:53:07.358000Z
1.15816,1.1581700000000001,1250000.0,1120000.0048,2018-09-28T12:53:07.859000Z
1.15814,1.15816,3450000.0477,4500000.0,2018-09-28T12:53:08.894000Z
1.1581299999999999,1.15814,1200000.0477,1000000.0,2018-09-28T12:53:09.207000Z
1.1581299999999999,1.15816,1950000.0477,6190000.0572,2018-09-28T12:53:09.651000Z
1.1581299999999999,1.15816,1500000.0,3940000.0572,2018-09-28T12:53:10.277000Z
1.1581299999999999,1.15815,1000000.0,2250000.0,2018-09-28T12:53:10.800000Z
1.1581299999999999,1.15814,1000000.0,1000000.0,2018-09-28T12:53:12.742000Z
1.15812,1.1581299999999999,1100000.0238,1500000.0,2018-09-28T12:53:13.284000Z
1.15814,1.15816,2500000.0,10199999.8093,2018-09-28T12:53:13.388000Z
1.15816,1.15818,1000000.0,1000000.0,2018-09-28T12:53:13.557000Z
1.1581700000000001,1.15819,1690000.0572,1500000.0,2018-09-28T12:53:14.088000Z
1.15818,1.1582000000000001,1500000.0,1250000.0,2018-09-28T12:53:14.688000Z
1.1582000000000001,1.1582100000000002,2250000.0,1000000.0,2018-09-28T12:53:14.795000Z
1.1582100000000002,1.15822,1250000.0,1690000.0572,2018-09-28T12:53:15.389000Z
1.1582000000000001,1.15822,4570000.1717,1000000.0,2018-09-28T12:53:15.946000Z
1.1582100000000002,1.15822,1000000.0,1000000.0,2018-09-28T12:53:16.522000Z
1.15819,1.1582000000000001,1200000.0477,1000000.0,2018-09-28T12:53:16.998000Z
1.15818,1.1582100000000002,1100000.0238,3259999.9905,2018-09-28T12:53:17.103000Z
1.1581700000000001,1.1582100000000002,9640000.3433,4949999.8093,2018-09-28T12:53:17.611000Z
1.15818,1.1582000000000001,1100000.0238,1000000.0,2018-09-28T12:53:18.144000Z
1.1581700000000001,1.1582100000000002,5139999.8665,4199999.8093,2018-09-28T12:53:18.660000Z
1.15818,1.1582000000000001,1100000.0238,1000000.0,2018-09-28T12:53:20.170000Z
1.1581700000000001,1.1582000000000001,5619999.8856,3190000.0572,2018-09-28T12:53:20.715000Z
1.1581700000000001,1.1582000000000001,3940000.0572,2440000.0572,2018-09-28T12:53:21.292000Z
1.1581700000000001,1.1582000000000001,4500000.0,1500000.0,2018-09-28T12:53:21.840000Z
1.1581700000000001,1.1582100000000002,3190000.0572,7010000.2289,2018-09-28T12:53:22.499000Z
1.15818,1.1582000000000001,1500000.0,1000000.0,2018-09-28T12:53:23.013000Z
1.15818,1.1582100000000002,1000000.0,4869999.8856,2018-09-28T12:53:23.582000Z
1.15819,1.15822,2440000.0572,3789999.9619,2018-09-28T12:53:24.209000Z
1.15819,1.15822,2440000.0572,4989999.7711,2018-09-28T12:53:24.735000Z
1.15819,1.15822,2250000.0,2250000.0,2018-09-28T12:53:25.302000Z
1.15819,1.1582100000000002,2250000.0,1100000.0238,2018-09-28T12:53:25.823000Z
1.1582100000000002,1.15823,1850000.0238,7010000.2289,2018-09-28T12:53:26.189000Z
1.15826,1.15829,1250000.0,2890000.1049,2018-09-28T12:53:26.310000Z
1.1582700000000001,1.15829,1000000.0,1250000.0,2018-09-28T12:53:26.362000Z
1.15826,1.15828,4309999.9428,1000000.0,2018-09-28T12:53:26.415000Z
1.1582700000000001,1.15829,1500000.0,2809999.9428,2018-09-28T12:53:26.546000Z
1.15825,1.1582700000000001,1120000.0048,1870000.0048,2018-09-28T12:53:27.201000Z
1.15823,1.1582700000000001,2250000.0,10569999.6948,2018-09-28T12:53:27.354000Z
1.15823,1.15826,1250000.0,5510000.2289,2018-09-28T12:53:27.885000Z
1.15822,1.15826,3940000.0572,6260000.2289,2018-09-28T12:53:28.595000Z
1.15823,1.15826,2509999.9905,5320000.1717,2018-09-28T12:53:29.145000Z
1.15826,1.1582700000000001,1000000.0,6070000.1717,2018-09-28T12:53:29.493000Z
1.15826,1.15828,3750000.0,1000000.0,2018-09-28T12:53:29.600000Z
1.15825,1.15826,3000000.0,1000000.0,2018-09-28T12:53:29.757000Z
1.15823,1.15826,4119999.8856,1500000.0,2018-09-28T12:53:29.863000Z
1.15825,1.15828,1690000.0572,2059999.9428,2018-09-28T12:53:30.116000Z
1.15823,1.15826,4500000.0,2440000.0572,2018-09-28T12:53:30.431000Z
1.15824,1.15826,1000000.0,1200000.0477,2018-09-28T12:53:31.019000Z
1.15823,1.15826,3819999.9332,1200000.0477,2018-09-28T12:53:31.537000Z
1.15822,1.15825,1500000.0,2809999.9428,2018-09-28T12:53:33.722000Z
1.15823,1.15825,1000000.0,2619999.8856,2018-09-28T12:53:34.243000Z
1.15823,1.15824,1000000.0,1000000.0,2018-09-28T12:53:34.767000Z
1.15823,1.15825,1000000.0,3940000.0572,2018-09-28T12:53:35.465000Z
1.15823,1.15824,1000000.0,1250000.0,2018-09-28T12:53:37.013000Z
1.15823,1.15825,1000000.0,4199999.8093,2018-09-28T12:53:37.524000Z
1.1582000000000001,1.15822,1000000.0,7389999.8665,2018-09-28T12:53:37.845000Z
1.1582100000000002,1.15823,1500000.0,1950000.0477,2018-09-28T12:53:38.109000Z
1.15822,1.15825,1250000.0,3750000.0,2018-09-28T12:53:38.216000Z
1.15822,1.15825,1000000.0,2809999.9428,2018-09-28T12:53:38.927000Z
1.15824,1.15826,2250000.0,2319999.9332,2018-09-28T12:53:39.426000Z
1.15823,1.15826,2250000.0,5059999.9428,2018-09-28T12:53:39.990000Z
1.15822,1.15823,1000000.0,2440000.0572,2018-09-28T12:53:45.218000Z
1.15823,1.15824,1000000.0,2059999.9428,2018-09-28T12:53:45.725000Z
1.15823,1.15825,1500000.0,3000000.0,2018-09-28T12:53:47.446000Z
1.1582100000000002,1.15824,6820000.1717,1000000.0,2018-09-28T12:53:50.446000Z
1.15822,1.15824,1000000.0,1000000.0,2018-09-28T12:53:51.622000Z
1.15823,1.15824,1000000.0,1000000.0,2018-09-28T12:53:55.098000Z
1.15822,1.15824,1500000.0,1000000.0,2018-09-28T12:53:55.704000Z
1.15822,1.15823,1250000.0,1000000.0,2018-09-28T12:53:58.832000Z
1.15822,1.15825,2440000.0572,3000000.0,2018-09-28T12:53:59.015000Z
1.15822,1.15824,1000000.0,1000000.0,2018-09-28T12:54:00.046000Z
1.1582100000000002,1.15822,1000000.0,1000000.0,2018-09-28T12:54:00.201000Z
1.1582000000000001,1.1582100000000002,1000000.0,1000000.0,2018-09-28T12:54:00.711000Z
1.15819,1.1582100000000002,3640000.1049,1500000.0,2018-09-28T12:54:01.247000Z
1.1582000000000001,1.15823,7909999.8474,6070000.1717,2018-09-28T12:54:01.612000Z
1.15823,1.15825,4010000.2289,1000000.0,2018-09-28T12:54:01.922000Z
1.15825,1.1582700000000001,3000000.0,4690000.0572,2018-09-28T12:54:02.380000Z
1.15826,1.15829,2250000.0,2440000.0572,2018-09-28T12:54:02.748000Z
1.15826,1.15829,3069999.9332,3000000.0,2018-09-28T12:54:03.257000Z
1.1582700000000001,1.15829,1000000.0,1500000.0,2018-09-28T12:54:05.330000Z
1.15826,1.1582700000000001,1000000.0,1690000.0572,2018-09-28T12:54:06.945000Z
1.1582100000000002,1.15823,2250000.0,1000000.0,2018-09-28T12:54:07.169000Z
1.15823,1.15824,1500000.0,1870000.0048,2018-09-28T12:54:07.644000Z
1.15823,1.15824,1000000.0,1000000.0,2018-09-28T12:54:09.213000Z
1.15822,1.15824,8729999.5422,1000000.0,2018-09-28T12:54:14.509000Z
1.1582000000000001,1.1582100000000002,1500000.0,1870000.0048,2018-09-28T12:54:15.806000Z
1.1582000000000001,1.1582100000000002,1500000.0,1000000.0,2018-09-28T12:54:16.349000Z
1.15819,1.1582100000000002,6750000.0,1000000.0,2018-09-28T12:54:16.871000Z
1.1582000000000001,1.1582100000000002,1000000.0,1000000.0,2018-09-28T12:54:17.394000Z
1.15819,1.1582100000000002,1690000.0572,1120000.0048,2018-09-28T12:54:17.895000Z
1.1582000000000001,1.15823,2440000.0572,3369999.8856,2018-09-28T12:54:18.089000Z
1.15822,1.15823,1000000.0,3000000.0,2018-09-28T12:54:18.247000Z
1.1582100000000002,1.15823,1000000.0,1000000.0,2018-09-28T12:54:20.272000Z
1.1582100000000002,1.15823,2440000.0572,1000000.0,2018-09-28T12:54:20.805000Z
1.1582100000000002,1.15825,5139999.8665,1870000.0048,2018-09-28T12:54:20.961000Z
1.15822,1.15825,1500000.0,1500000.0,2018-09-28T12:54:21.492000Z
1.15824,1.15826,1690000.0572,2619999.8856,2018-09-28T12:54:21.543000Z
1.15826,1.15828,3750000.0,1000000.0,2018-09-28T12:54:21.883000Z
1.1582700000000001,1.15828,1250000.0,1000000.0,2018-09-28T12:54:23.926000Z
1.15826,1.15828,3940000.0572,1000000.0,2018-09-28T12:54:24.451000Z
1.1582700000000001,1.15828,1250000.0,1000000.0,2018-09-28T12:54:25.163000Z
1.1582700000000001,1.15829,1000000.0,2619999.8856,2018-09-28T12:54:25.676000Z
1.1582700000000001,1.15828,1000000.0,1000000.0,2018-09-28T12:54:26.239000Z
1.15824,1.15825,6070000.1717,1500000.0,2018-09-28T12:54:37.231000Z
1.15823,1.15825,1000000.0,1250000.0,2018-09-28T12:54:37.336000Z
1.15822,1.15823,1570000.0525,2250000.0,2018-09-28T12:54:37.580000Z
1.15819,1.1582100000000002,2250000.0,1000000.0,2018-09-28T12:54:37.634000Z
1.1582100000000002,1.15823,1000000.0,1759999.9905,2018-09-28T12:54:37.741000Z
1.1582000000000001,1.15823,3450000.0477,1120000.0048,2018-09-28T12:54:38.245000Z
1.1582000000000001,1.15822,4949999.8093,1000000.0,2018-09-28T12:54:39.204000Z
1.1582100000000002,1.15822,1000000.0,1350000.0238,2018-09-28T12:54:39.754000Z
1.15819,1.15822,6519999.9809,1350000.0238,2018-09-28T12:54:40.214000Z
1.1582000000000001,1.15822,1759999.9905,1000000.0,2018-09-28T12:54:40.805000Z
1.1582100000000002,1.15823,1389999.9857,1690000.0572,2018-09-28T12:54:41.122000Z
1.1582100000000002,1.15823,3640000.1049,1000000.0,2018-09-28T12:54:41.686000Z
1.1582100000000002,1.15824,4760000.2289,2660000.0858,2018-09-28T12:54:42.231000Z
1.15822,1.15823,1250000.0,1000000.0,2018-09-28T12:54:42.862000Z
1.15822,1.15824,3940000.0572,1000000.0,2018-09-28T12:54:47.113000Z
1.15822,1.15825,3450000.0477,1000000.0,2018-09-28T12:54:47.383000Z
1.15822,1.15825,10010000.2289,1000000.0,2018-09-28T12:54:49.202000Z
1.15826,1.1582700000000001,1100000.0238,1000000.0,2018-09-28T12:54:49.551000Z
1.15826,1.15828,1200000.0477,1500000.0,2018-09-28T12:54:52.311000Z
1.15825,1.1582700000000001,6369999.8856,1000000.0,2018-09-28T12:54:53.283000Z
1.15825,1.15828,2890000.1049,1200000.0477,2018-09-28T12:54:53.793000Z
1.15825,1.15828,4949999.8093,1950000.0477,2018-09-28T12:54:54.714000Z
1.15825,1.15828,5699999.8093,1200000.0477,2018-09-28T12:54:55.574000Z
1.15825,1.15828,4389999.8665,2250000.0,2018-09-28T12:54:56.076000Z
1.15825,1.15828,2890000.1049,4800000.1907,2018-09-28T12:54:56.589000Z
1.15825,1.15829,2890000.1049,7500000.0,2018-09-28T12:54:57.111000Z
1.15826,1.15828,1690000.0572,2440000.0572,2018-09-28T12:54:57.416000Z
1.15826,1.15829,1250000.0,4309999.9428,2018-09-28T12:54:57.925000Z
1.15826,1.15828,1500000.0,1000000.0,2018-09-28T12:54:58.512000Z
1.15826,1.15828,1690000.0572,1690000.0572,2018-09-28T12:54:59.386000Z
1.15826,1.15829,1250000.0,4119999.8856,2018-09-28T12:54:59.902000Z
1.15826,1.15828,1250000.0,1000000.0,2018-09-28T12:55:00.536000Z
1.15826,1.15828,1190000.0572,1250000.0,2018-09-28T12:55:01.070000Z
1.15825,1.15828,6639999.8665,1500000.0,2018-09-28T12:55:01.574000Z
1.15825,1.15829,5440000.0572,6559999.9428,2018-09-28T12:55:02.107000Z
1.15825,1.15828,5440000.0572,1190000.0572,2018-09-28T12:55:02.858000Z
1.15822,1.15825,1870000.0048,1690000.0572,2018-09-28T12:55:03.052000Z
1.1582100000000002,1.15825,4949999.8093,5809999.9428,2018-09-28T12:55:03.875000Z
1.1582100000000002,1.15823,2140000.1049,1250000.0,2018-09-28T12:55:07.022000Z
1.15823,1.15826,2440000.0572,1870000.0048,2018-09-28T12:55:07.227000Z
1.15824,1.1582700000000001,10350000.3815,1200000.0477,2018-09-28T12:55:07.388000Z
1.15825,1.15828,2509999.9905,1000000.0,2018-09-28T12:55:07.899000Z
1.15826,1.15828,1000000.0,1500000.0,2018-09-28T12:55:09.176000Z
1.15825,1.15828,1500000.0,1690000.0572,2018-09-28T12:55:09.727000Z
1.15825,1.15828,2619999.8856,2440000.0572,2018-09-28T12:55:10.889000Z
1.15825,1.15828,6070000.1717,1690000.0572,2018-09-28T12:55:11.579000Z
1.15829,1.1583,3369999.8856,1870000.0048,2018-09-28T12:55:12.101000Z
1.1583,1.1583200000000002,2440000.0572,1450000.0477,2018-09-28T12:55:12.156000Z
1.1583,1.15834,11699999.8093,1250000.0,2018-09-28T12:55:12.403000Z
1.1583200000000002,1.15834,1000000.0,2250000.0,2018-09-28T12:55:15.930000Z
1.1583100000000002,1.15834,3000000.0,2170000.0763,2018-09-28T12:55:16.470000Z
1.1583200000000002,1.15834,1000000.0,1500000.0,2018-09-28T12:55:17.141000Z
1.1583100000000002,1.15834,3750000.0,2250000.0,2018-09-28T12:55:17.684000Z
1.1583,1.1583100000000002,1000000.0,2809999.9428,2018-09-28T12:55:19.532000Z
1.15826,1.15828,3750000.0,3599999.9046,2018-09-28T12:55:19.702000Z
1.15824,1.1582700000000001,1000000.0,8170000.0763,2018-09-28T12:55:19.776000Z
1.15823,1.15826,1000000.0,4500000.0,2018-09-28T12:55:19.829000Z
1.1582000000000001,1.15822,6449999.8093,1000000.0,2018-09-28T12:55:20.361000Z
1.1582100000000002,1.15825,5619999.8856,2700000.0477,2018-09-28T12:55:20.523000Z
1.15822,1.15825,1120000.0048,2250000.0,2018-09-28T12:55:21.050000Z
1.15825,1.15826,5250000.0,1000000.0,2018-09-28T12:55:21.413000Z
1.15826,1.15828,2250000.0,2700000.0477,2018-09-28T12:55:21.466000Z
1.15829,1.1583,1000000.0,3640000.1049,2018-09-28T12:55:21.519000Z
1.1583,1.1583200000000002,3819999.9332,1000000.0,2018-09-28T12:55:21.624000Z
1.15828,1.1583100000000002,3940000.0572,4869999.8856,2018-09-28T12:55:21.945000Z
1.15826,1.15828,1450000.0477,1539999.9619,2018-09-28T12:55:22.051000Z
1.15824,1.15828,6000000.0,2700000.0477,2018-09-28T12:55:22.156000Z
1.15824,1.1582700000000001,1950000.0477,2140000.1049,2018-09-28T12:55:22.554000Z
1.15824,1.15828,1950000.0477,1250000.0,2018-09-28T12:55:22.711000Z
1.15823,1.15826,2250000.0,5440000.0572,2018-09-28T12:55:23.221000Z
1.15822,1.15825,1120000.0048,3640000.1049,2018-09-28T12:55:23.748000Z
1.15822,1.15825,9819999.6948,1000000.0,2018-09-28T12:55:24.864000Z
1.15824,1.15828,8060000.4196,6670000.0763,2018-09-28T12:55:24.967000Z
1.15825,1.15828,6820000.1717,1120000.0048,2018-09-28T12:55:25.070000Z
1.15826,1.15829,6260000.2289,1500000.0,2018-09-28T12:55:25.754000Z
1.15826,1.15829,6260000.2289,2140000.1049,2018-09-28T12:55:26.282000Z
1.15826,1.15829,1100000.0238,1950000.0477,2018-09-28T12:55:26.804000Z
1.15826,1.15829,2140000.1049,1690000.0572,2018-09-28T12:55:29.125000Z
1.15826,1.15829,4949999.8093,1200000.0477,2018-09-28T12:55:29.627000Z
1.1582700000000001,1.1583,1000000.0,4690000.0572,2018-09-28T12:55:30.821000Z
1.1582700000000001,1.15829,3640000.1049,1250000.0,2018-09-28T12:55:31.362000Z
1.1582700000000001,1.1583,7389999.8665,1120000.0048,2018-09-28T12:55:31.908000Z
1.15828,1.1583100000000002,1000000.0,5139999.8665,2018-09-28T12:55:32.906000Z
1.1583100000000002,1.1583200000000002,3000000.0,3450000.0477,2018-09-28T12:55:33.697000Z
1.1583100000000002,1.15833,3000000.0,1200000.0477,2018-09-28T12:55:33.808000Z
1.1583,1.15833,6449999.8093,1500000.0,2018-09-28T12:55:34.985000Z
1.1583100000000002,1.15834,2250000.0,2250000.0,2018-09-28T12:55:35.501000Z
1.1583200000000002,1.15834,1000000.0,1690000.0572,2018-09-28T12:55:36.095000Z
1.1583200000000002,1.15835,1000000.0,2250000.0,2018-09-28T12:55:36.805000Z
1.15834,1.15835,1000000.0,1000000.0,2018-09-28T12:55:40.307000Z
1.15833,1.15835,1000000.0,1000000.0,2018-09-28T12:55:40.842000Z
1.15834,1.15835,1000000.0,1000000.0,2018-09-28T12:55:41.597000Z
1.15833,1.15835,1690000.0572,1250000.0,2018-09-28T12:55:42.289000Z
1.15835,1.1583700000000001,1000000.0,3339999.9142,2018-09-28T12:55:47.431000Z
1.15836,1.15839,3000000.0,2660000.0858,2018-09-28T12:55:47.591000Z
1.1583700000000001,1.15839,1000000.0,5139999.8665,2018-09-28T12:55:48.152000Z
1.15836,1.15839,2250000.0,2140000.1049,2018-09-28T12:55:49.255000Z
1.15836,1.15839,3750000.0,1690000.0572,2018-09-28T12:55:50.025000Z
1.15838,1.15839,1000000.0,1000000.0,2018-09-28T12:55:50.376000Z
1.15838,1.1584,1000000.0,5889999.8665,2018-09-28T12:55:51.937000Z
1.15839,1.1584100000000002,4500000.0,1250000.0,2018-09-28T12:55:52.511000Z
1.1584100000000002,1.15844,2440000.0572,3259999.9905,2018-09-28T12:55:53.026000Z
1.1584100000000002,1.15845,6639999.8665,4500000.0,2018-09-28T12:55:53.140000Z
1.1584100000000002,1.1584200000000002,3750000.0,1000000.0,2018-09-28T12:55:53.611000Z
1.1583700000000001,1.15839,3819999.9332,1500000.0,2018-09-28T12:55:53.928000Z
1.1583700000000001,1.15839,3819999.9332,1500000.0,2018-09-28T12:55:53.992000Z
1.15835,1.15838,1950000.0477,3819999.9332,2018-09-28T12:55:54.257000Z
1.15835,1.15838,2319999.9332,3940000.0572,2018-09-28T12:55:54.794000Z
1.15835,1.1583700000000001,1570000.0525,1250000.0,2018-09-28T12:55:55.331000Z
1.15836,1.15838,3819999.9332,1000000.0,2018-09-28T12:55:55.871000Z
1.15836,1.1584,3259999.9905,3190000.0572,2018-09-28T12:55:55.922000Z
1.1583700000000001,1.15838,1000000.0,1000000.0,2018-09-28T12:55:55.974000Z
1.1583700000000001,1.15839,1000000.0,1000000.0,2018-09-28T12:55:56.515000Z
1.15836,1.15839,2890000.1049,1000000.0,2018-09-28T12:55:57.016000Z
1.1583700000000001,1.15839,1000000.0,1000000.0,2018-09-28T12:55:57.542000Z
1.15836,1.15839,4199999.8093,1500000.0,2018-09-28T12:55:58.403000Z
1.1583700000000001,1.15839,1000000.0,1500000.0,2018-09-28T12:55:58.989000Z
1.15836,1.15839,7500000.0,2250000.0,2018-09-28T12:56:00.185000Z
1.1583700000000001,1.15838,1000000.0,1500000.0,2018-09-28T12:56:00.769000Z
1.15836,1.15838,1500000.0,1000000.0,2018-09-28T12:56:01.284000Z
1.15834,1.15835,1950000.0477,1500000.0,2018-09-28T12:56:01.732000Z
1.1583200000000002,1.15833,2250000.0,1000000.0,2018-09-28T12:56:01.840000Z
1.1583,1.15834,3819999.9332,2619999.8856,2018-09-28T12:56:01.947000Z
1.15829,1.1583,1870000.0048,1500000.0,2018-09-28T12:56:02.111000Z
1.1582700000000001,1.1583,2740000.0095,2250000.0,2018-09-28T12:56:02.165000Z
1.1582700000000001,1.15829,3750000.0,1000000.0,2018-09-28T12:56:02.704000Z
1.15829,1.1583,1120000.0048,3940000.0572,2018-09-28T12:56:02.758000Z
1.1583200000000002,1.15834,3220000.0286,1000000.0,2018-09-28T12:56:02.984000Z
1.1583200000000002,1.15834,6940000.0572,2750000.0,2018-09-28T12:56:03.523000Z
1.1583200000000002,1.15834,1309999.9428,2440000.0572,2018-09-28T12:56:04.047000Z
1.1583200000000002,1.15833,2250000.0,1250000.0,2018-09-28T12:56:04.643000Z
1.1583200000000002,1.15834,1250000.0,2440000.0572,2018-09-28T12:56:05.162000Z
1.1583100000000002,1.15834,2059999.9428,3190000.0572,2018-09-28T12:56:05.927000Z
1.1583100000000002,1.15833,1120000.0048,1870000.0048,2018-09-28T12:56:06.455000Z
1.1583,1.1583200000000002,3190000.0572,1250000.0,2018-09-28T12:56:07.097000Z
1.1583,1.15833,3000000.0,1690000.0572,2018-09-28T12:56:07.989000Z
1.1583200000000002,1.15835,1120000.0048,7199999.8093,2018-09-28T12:56:08.217000Z
1.15828,1.1583,8699999.8093,1000000.0,2018-09-28T12:56:08.424000Z
1.1582700000000001,1.15829,1500000.0,1500000.0,2018-09-28T12:56:08.538000Z
1.15825,1.15826,2250000.0,1500000.0,2018-09-28T12:56:08.646000Z
1.15825,1.1582700000000001,5440000.0572,1000000.0,2018-09-28T12:56:09.180000Z
1.15826,1.1582700000000001,1000000.0,1000000.0,2018-09-28T12:56:09.695000Z
1.15825,1.15828,2250000.0,1870000.0048,2018-09-28T12:56:10.204000Z
1.1582100000000002,1.15823,1500000.0,1000000.0,2018-09-28T12:56:10.522000Z
1.1582000000000001,1.15823,7309999.9428,1000000.0,2018-09-28T12:56:11.050000Z
1.1582100000000002,1.15823,1440000.0572,1690000.0572,2018-09-28T12:56:11.396000Z
1.15823,1.15826,1870000.0048,1690000.0572,2018-09-28T12:56:11.603000Z
1.15823,1.15824,1250000.0,1000000.0,2018-09-28T12:56:11.912000Z
1.15822,1.15824,9750000.0,1250000.0,2018-09-28T12:56:12.500000Z
1.15822,1.15825,7349999.9046,1500000.0,2018-09-28T12:56:12.707000Z
1.15822,1.15824,5289999.9619,1250000.0,2018-09-28T12:56:13.059000Z
1.15823,1.15824,1000000.0,1500000.0,2018-09-28T12:56:13.584000Z
1.15822,1.15823,1500000.0,1000000.0,2018-09-28T12:56:14.090000Z
1.15819,1.1582100000000002,4760000.2289,1500000.0,2018-09-28T12:56:15.657000Z
1.1581700000000001,1.1582000000000001,7389999.8665,1500000.0,2018-09-28T12:56:15.893000Z
1.15818,1.15819,3450000.0477,2250000.0,2018-09-28T12:56:16.458000Z
1.1581700000000001,1.15819,7239999.7711,2500000.0,2018-09-28T12:56:17.733000Z
1.1581700000000001,1.15819,7239999.7711,2250000.0,2018-09-28T12:56:18.371000Z
1.15818,1.1582100000000002,2700000.0477,2890000.1049,2018-09-28T12:56:18.424000Z
1.1581700000000001,1.15818,1500000.0,1500000.0,2018-09-28T12:56:18.688000Z
1.15816,1.15818,4199999.8093,2500000.0,2018-09-28T12:56:19.209000Z
1.1581700000000001,1.1582000000000001,1049999.9523,2890000.1049,2018-09-28T12:56:19.314000Z
1.1581700000000001,1.15818,4949999.8093,1000000.0,2018-09-28T12:56:19.865000Z
1.1581700000000001,1.1582000000000001,2700000.0477,2700000.0477,2018-09-28T12:56:20.598000Z
1.1581700000000001,1.15819,2250000.0,1000000.0,2018-09-28T12:56:21.921000Z
1.15815,1.1581700000000001,9300000.1907,1000000.0,2018-09-28T12:56:22.163000Z
1.1581299999999999,1.15815,4199999.8093,1000000.0,2018-09-28T12:56:22.266000Z
1.1581299999999999,1.15814,1950000.0477,1250000.0,2018-09-28T12:56:22.979000Z
1.1581299999999999,1.15815,1950000.0477,2250000.0,2018-09-28T12:56:23.480000Z
1.1581299999999999,1.15814,1000000.0,2440000.0572,2018-09-28T12:56:25.596000Z
1.1581000000000001,1.1581299999999999,5320000.1717,1250000.0,2018-09-28T12:56:25.753000Z
1.1581000000000001,1.15812,1200000.0477,1000000.0,2018-09-28T12:56:26.337000Z
1.1581000000000001,1.1581100000000002,1000000.0,1250000.0,2018-09-28T12:56:26.899000Z
1.15809,1.1581000000000001,1120000.0048,1250000.0,2018-09-28T12:56:27.408000Z
1.15808,1.1581100000000002,4420000.0763,1690000.0572,2018-09-28T12:56:28.554000Z
1.15808,1.15809,1950000.0477,1250000.0,2018-09-28T12:56:28.816000Z
1.1581100000000002,1.15812,1250000.0,1200000.0477,2018-09-28T12:56:29.151000Z
1.15812,1.15814,1000000.0,1250000.0,2018-09-28T12:56:29.206000Z
1.1581000000000001,1.15812,2140000.1049,1000000.0,2018-09-28T12:56:29.755000Z
1.15808,1.15812,2440000.0572,1200000.0477,2018-09-28T12:56:30.022000Z
1.15809,1.15812,1370000.0048,2440000.0572,2018-09-28T12:56:30.457000Z
1.1581100000000002,1.15814,2250000.0,3069999.9332,2018-09-28T12:56:30.564000Z
1.1581000000000001,1.1581100000000002,3190000.0572,1500000.0,2018-09-28T12:56:31.145000Z
1.15809,1.1581100000000002,1000000.0,1870000.0048,2018-09-28T12:56:31.197000Z
1.1581000000000001,1.1581299999999999,1250000.0,1950000.0477,2018-09-28T12:56:31.504000Z
1.1581100000000002,1.1581299999999999,2809999.9428,1690000.0572,2018-09-28T12:56:31.781000Z
1.15812,1.15814,1000000.0,1690000.0572,2018-09-28T12:56:32.391000Z
1.1581000000000001,1.15814,2440000.0572,2700000.0477,2018-09-28T12:56:32.840000Z
1.1581000000000001,1.15812,1000000.0,1000000.0,2018-09-28T12:56:33.311000Z
1.15808,1.1581100000000002,1500000.0,1690000.0572,2018-09-28T12:56:33.625000Z
1.15808,1.1581000000000001,1309999.9428,1250000.0,2018-09-28T12:56:34.180000Z
1.15809,1.15812,1690000.0572,1500000.0,2018-09-28T12:56:34.392000Z
1.1581000000000001,1.15812,1690000.0572,1000000.0,2018-09-28T12:56:34.941000Z
1.1581000000000001,1.15814,1190000.0572,4010000.2289,2018-09-28T12:56:35.515000Z
1.1581100000000002,1.15814,3190000.0572,1000000.0,2018-09-28T12:56:36.108000Z
1.15812,1.15814,1000000.0,1000000.0,2018-09-28T12:56:36.646000Z
1.1581100000000002,1.15814,3750000.0,1500000.0,2018-09-28T12:56:37.197000Z
1.15812,1.15814,1000000.0,1500000.0,2018-09-28T12:56:37.742000Z
1.1581100000000002,1.15814,2619999.8856,1000000.0,2018-09-28T12:56:38.321000Z
1.1581100000000002,1.1581299999999999,3190000.0572,1250000.0,2018-09-28T12:56:38.852000Z
1.1581100000000002,1.15814,1570000.0525,2319999.9332,2018-09-28T12:56:39.367000Z
1.15812,1.15814,2319999.9332,1690000.0572,2018-09-28T12:56:40.496000Z
1.15812,1.15814,3069999.9332,1000000.0,2018-09-28T12:56:41.051000Z
1.1581299999999999,1.15814,1000000.0,1690000.0572,2018-09-28T12:56:41.600000Z
1.15812,1.15814,1000000.0,1000000.0,2018-09-28T12:56:42.213000Z
1.15812,1.15816,2509999.9905,7199999.8093,2018-09-28T12:56:44.641000Z
1.15816,1.1581700000000001,2250000.0,1200000.0477,2018-09-28T12:56:45.245000Z
1.15818,1.1582000000000001,1500000.0,1200000.0477,2018-09-28T12:56:45.350000Z
1.1581700000000001,1.1582000000000001,3819999.9332,3640000.1049,2018-09-28T12:56:46.450000Z
1.1581299999999999,1.15816,2250000.0,9109999.6567,2018-09-28T12:56:46.601000Z
1.1581100000000002,1.1581299999999999,1000000.0,1000000.0,2018-09-28T12:56:46.918000Z
1.1581100000000002,1.15814,1500000.0,3940000.0572,2018-09-28T12:56:47.449000Z
1.1581100000000002,1.1581299999999999,6219999.7902,1250000.0,2018-09-28T12:56:47.983000Z
1.1581299999999999,1.15815,1690000.0572,1250000.0,2018-09-28T12:56:48.432000Z
1.15814,1.15816,1200000.0477,1000000.0,2018-09-28T12:56:48.967000Z
1.15814,1.1581700000000001,1950000.0477,2700000.0477,2018-09-28T12:56:49.702000Z
1.15814,1.15816,2250000.0,1000000.0,2018-09-28T12:56:52.134000Z
1.15814,1.15815,2250000.0,1000000.0,2018-09-28T12:56:52.635000Z
1.1581299999999999,1.15815,1000000.0,1000000.0,2018-09-28T12:56:53.171000Z
1.1581299999999999,1.15816,3000000.0,1250000.0,2018-09-28T12:56:54.881000Z
1.15815,1.1581700000000001,1000000.0,1950000.0477,2018-09-28T12:56:54.934000Z
1.15816,1.15818,1000000.0,3450000.0477,2018-09-28T12:56:55.596000Z
1.1581700000000001,1.15818,1250000.0,1000000.0,2018-09-28T12:56:56.115000Z
1.15818,1.15819,1120000.0048,1000000.0,2018-09-28T12:56:56.756000Z
1.15818,1.1582000000000001,1690000.0572,1690000.0572,2018-09-28T12:56:56.809000Z
1.1582000000000001,1.1582100000000002,3940000.0572,1570000.0525,2018-09-28T12:56:56.863000Z
1.1582100000000002,1.15823,2250000.0,4869999.8856,2018-09-28T12:56:57.029000Z
1.15822,1.15824,1000000.0,1690000.0572,2018-09-28T12:56:57.573000Z
1.1582000000000001,1.1582100000000002,2250000.0,1500000.0,2018-09-28T12:56:57.796000Z
1.15818,1.1582000000000001,1000000.0,1250000.0,2018-09-28T12:56:57.902000Z
1.15818,1.15822,3190000.0572,3819999.9332,2018-09-28T12:56:58.057000Z
1.1582000000000001,1.15823,3750000.0,4760000.2289,2018-09-28T12:56:58.499000Z
1.15819,1.1582100000000002,1000000.0,2140000.1049,2018-09-28T12:56:58.874000Z
1.15819,1.1582000000000001,1000000.0,1250000.0,2018-09-28T12:56:59.733000Z
1.15819,1.1582100000000002,1000000.0,2619999.8856,2018-09-28T12:57:00.254000Z
1.1582000000000001,1.1582100000000002,1000000.0,1570000.0525,2018-09-28T12:57:01.577000Z
1.15818,1.1582100000000002,5619999.8856,2250000.0,2018-09-28T12:57:04.009000Z
1.15818,1.1582000000000001,1120000.0048,1200000.0477,2018-09-28T12:57:05.856000Z
1.1581700000000001,1.1582100000000002,8810000.4196,5699999.8093,2018-09-28T12:57:06.494000Z
1.15819,1.1582100000000002,1000000.0,1500000.0,2018-09-28T12:57:07.101000Z
1.15818,1.1582100000000002,2619999.8856,1870000.0048,2018-09-28T12:57:07.643000Z
1.1582100000000002,1.15822,1000000.0,1200000.0477,2018-09-28T12:57:08.063000Z
1.1582100000000002,1.15823,3750000.0,1000000.0,2018-09-28T12:57:08.609000Z
1.1582100000000002,1.15825,5250000.0,3640000.1049,2018-09-28T12:57:09.157000Z
1.15823,1.15824,2250000.0,1000000.0,2018-09-28T12:57:10.068000Z
1.15824,1.15826,6000000.0,1200000.0477,2018-09-28T12:57:10.123000Z
1.15826,1.15828,2250000.0,1500000.0,2018-09-28T12:57:10.230000Z
1.15826,1.15829,8890000.3433,2700000.0477,2018-09-28T12:57:10.818000Z
1.15826,1.1583,4119999.8856,10760000.2289,2018-09-28T12:57:11.361000Z
1.15826,1.15828,1000000.0,1200000.0477,2018-09-28T12:57:11.465000Z
1.1582700000000001,1.1583,1120000.0048,2140000.1049,2018-09-28T12:57:11.703000Z
1.1582700000000001,1.15829,1870000.0048,1000000.0,2018-09-28T12:57:12.222000Z
1.1582700000000001,1.1583,1120000.0048,2140000.1049,2018-09-28T12:57:13.130000Z
1.15826,1.15829,6559999.9428,1000000.0,2018-09-28T12:57:13.636000Z
1.1582700000000001,1.1583,1120000.0048,2890000.1049,2018-09-28T12:57:14.208000Z
1.1582700000000001,1.15829,1120000.0048,1000000.0,2018-09-28T12:57:15.088000Z
1.15828,1.15829,1000000.0,1250000.0,2018-09-28T12:57:15.591000Z
1.1583,1.1583200000000002,1000000.0,6449999.8093,2018-09-28T12:57:15.822000Z
1.1583200000000002,1.15834,1000000.0,1000000.0,2018-09-28T12:57:15.981000Z
1.1583,1.1583100000000002,1000000.0,1250000.0,2018-09-28T12:57:16.362000Z
1.1582700000000001,1.15829,1690000.0572,1000000.0,2018-09-28T12:57:16.466000Z
1.1582700000000001,1.1583100000000002,2440000.0572,2700000.0477,2018-09-28T12:57:16.518000Z
1.1582700000000001,1.1583,1000000.0,2319999.9332,2018-09-28T12:57:16.569000Z
1.15823,1.15826,4050000.1907,1000000.0,2018-09-28T12:57:16.701000Z
1.15822,1.15825,3000000.0,1000000.0,2018-09-28T12:57:17.367000Z
1.1582000000000001,1.15824,10010000.2289,1870000.0048,2018-09-28T12:57:17.469000Z
1.15822,1.15824,1200000.0477,1500000.0,2018-09-28T12:57:17.871000Z
1.15822,1.15825,1500000.0,2700000.0477,2018-09-28T12:57:21.855000Z
1.15824,1.15826,1350000.0238,5440000.0572,2018-09-28T12:57:22.743000Z
1.15823,1.1582700000000001,7570000.1717,4570000.1717,2018-09-28T12:57:23.573000Z
1.1582700000000001,1.15828,1000000.0,1000000.0,2018-09-28T12:57:24.114000Z
1.1582700000000001,1.15829,1500000.0,1200000.0477,2018-09-28T12:57:24.167000Z
1.1582700000000001,1.15829,1000000.0,2509999.9905,2018-09-28T12:57:25.192000Z
1.15825,1.15828,1950000.0477,1200000.0477,2018-09-28T12:57:25.244000Z
1.15828,1.15829,1000000.0,1000000.0,2018-09-28T12:57:27.441000Z
1.15828,1.1583200000000002,7010000.2289,4760000.2289,2018-09-28T12:57:27.595000Z
1.15829,1.1583200000000002,1389999.9857,5510000.2289,2018-09-28T12:57:28.374000Z
1.1583,1.15833,4869999.8856,1120000.0048,2018-09-28T12:57:28.893000Z
1.15829,1.1583100000000002,1570000.0525,2440000.0572,2018-09-28T12:57:29.707000Z
1.15828,1.1583100000000002,3819999.9332,1759999.9905,2018-09-28T12:57:29.897000Z
1.15829,1.15833,1870000.0048,5170000.0763,2018-09-28T12:57:29.949000Z
1.15829,1.1583200000000002,4119999.8856,1000000.0,2018-09-28T12:57:30.848000Z
1.1583100000000002,1.15833,1500000.0,1200000.0477,2018-09-28T12:57:31.417000Z
1.1583100000000002,1.15834,3259999.9905,1200000.0477,2018-09-28T12:57:32.838000Z
1.1583100000000002,1.15833,1500000.0,1000000.0,2018-09-28T12:57:37.021000Z
1.1583100000000002,1.15835,4119999.8856,1950000.0477,2018-09-28T12:57:37.281000Z
1.1583200000000002,1.15835,1870000.0048,4199999.8093,2018-09-28T12:57:39.202000Z
1.1583200000000002,1.15835,2319999.9332,4199999.8093,2018-09-28T12:57:40.644000Z
1.15834,1.15836,1500000.0,4949999.8093,2018-09-28T12:57:43.078000Z
1.15839,1.1584,1000000.0,2140000.1049,2018-09-28T12:57:43.238000Z
1.15838,1.15839,1000000.0,1250000.0,2018-09-28T12:57:43.740000Z
1.15838,1.1584,1000000.0,3259999.9905,2018-09-28T12:57:44.274000Z
1.15836,1.1584,6070000.1717,2509999.9905,2018-09-28T12:57:44.874000Z
1.1583700000000001,1.15839,1120000.0048,1000000.0,2018-09-28T12:57:45.796000Z
1.15836,1.15839,4570000.1717,2509999.9905,2018-09-28T12:57:46.326000Z
1.15836,1.15838,2700000.0477,1250000.0,2018-09-28T12:57:48.240000Z
1.15836,1.15838,1200000.0477,1690000.0572,2018-09-28T12:57:49.947000Z
1.15834,1.15836,8699999.8093,3190000.0572,2018-09-28T12:57:50.107000Z
1.1583100000000002,1.15833,1200000.0477,2230000.0191,2018-09-28T12:57:50.322000Z
1.15829,1.1583100000000002,1000000.0,2440000.0572,2018-09-28T12:57:50.478000Z
1.15828,1.1583100000000002,1200000.0477,5139999.8665,2018-09-28T12:57:50.583000Z
1.1583100000000002,1.15833,3940000.0572,1200000.0477,2018-09-28T12:57:50.923000Z
1.1583100000000002,1.15834,5809999.9428,1250000.0,2018-09-28T12:57:50.975000Z
1.1583200000000002,1.15835,1500000.0,4690000.0572,2018-09-28T12:57:51.844000Z
1.1583100000000002,1.15835,5510000.2289,3000000.0,2018-09-28T12:57:52.454000Z
1.1583100000000002,1.15834,7760000.2289,1250000.0,2018-09-28T12:57:52.959000Z
1.1583200000000002,1.15835,1000000.0,4500000.0,2018-09-28T12:57:53.505000Z
1.1583200000000002,1.15833,1000000.0,1250000.0,2018-09-28T12:57:54.685000Z
1.1583,1.15833,2250000.0,2440000.0572,2018-09-28T12:57:54.789000Z
1.15829,1.1583,1000000.0,1120000.0048,2018-09-28T12:57:54.943000Z
1.15828,1.1583100000000002,1000000.0,5059999.9428,2018-09-28T12:57:55.122000Z
1.15828,1.1583,1500000.0,1190000.0572,2018-09-28T12:57:56.756000Z
1.15828,1.1583,1000000.0,1250000.0,2018-09-28T12:57:57.263000Z
1.1583,1.15834,3450000.0477,5320000.1717,2018-09-28T12:57:59.216000Z
1.1583200000000002,1.15835,1200000.0477,2319999.9332,2018-09-28T12:57:59.324000Z
1.1583200000000002,1.15834,2700000.0477,1500000.0,2018-09-28T12:57:59.870000Z
1.1583100000000002,1.1583200000000002,4949999.8093,2250000.0,2018-09-28T12:58:00.231000Z
1.15829,1.1583,1000000.0,1000000.0,2018-09-28T12:58:00.400000Z
1.1583,1.1583100000000002,1000000.0,1000000.0,2018-09-28T12:58:01.246000Z
1.1583200000000002,1.15834,1000000.0,7010000.2289,2018-09-28T12:58:01.354000Z
1.1583100000000002,1.15835,3450000.0477,7690000.0572,2018-09-28T12:58:01.898000Z
1.1583100000000002,1.15833,3450000.0477,1000000.0,2018-09-28T12:58:02.057000Z
1.15829,1.1583200000000002,2700000.0477,1690000.0572,2018-09-28T12:58:02.371000Z
1.1582700000000001,1.1583,4949999.8093,1250000.0,2018-09-28T12:58:02.830000Z
1.15828,1.1583100000000002,1000000.0,7949999.8093,2018-09-28T12:58:03.373000Z
1.15828,1.1583,1000000.0,2509999.9905,2018-09-28T12:58:03.917000Z
1.15826,1.15828,3450000.0477,3190000.0572,2018-09-28T12:58:03.973000Z
1.15826,1.1582700000000001,1000000.0,1000000.0,2018-09-28T12:58:04.803000Z
1.15826,1.15828,1000000.0,2250000.0,2018-09-28T12:58:05.342000Z
1.15824,1.15826,3640000.1049,2619999.8856,2018-09-28T12:58:05.676000Z
1.15824,1.15826,3190000.0572,1190000.0572,2018-09-28T12:58:06.313000Z
1.15826,1.15828,1000000.0,1009999.9905,2018-09-28T12:58:06.367000Z
1.15828,1.15829,1000000.0,1389999.9857,2018-09-28T12:58:06.737000Z
1.1582700000000001,1.15829,1500000.0,1389999.9857,2018-09-28T12:58:07.153000Z
1.15826,1.15829,4869999.8856,1690000.0572,2018-09-28T12:58:08.165000Z
1.1582700000000001,1.1583,1000000.0,15489999.7711,2018-09-28T12:58:08.668000Z
1.15828,1.1583,1000000.0,1000000.0,2018-09-28T12:58:09.307000Z
1.15829,1.1583,1000000.0,1000000.0,2018-09-28T12:58:12.381000Z
1.1583200000000002,1.15834,1000000.0,4199999.8093,2018-09-28T12:58:12.542000Z
1.1583200000000002,1.15835,2099999.9046,2250000.0,2018-09-28T12:58:12.646000Z
1.15833,1.15835,1000000.0,2809999.9428,2018-09-28T12:58:13.271000Z
1.15833,1.15834,1250000.0,1250000.0,2018-09-28T12:58:13.913000Z
1.15833,1.15835,1000000.0,1250000.0,2018-09-28T12:58:14.428000Z
1.1583200000000002,1.15835,3940000.0572,1000000.0,2018-09-28T12:58:15.472000Z
1.1583200000000002,1.15834,1690000.0572,1000000.0,2018-09-28T12:58:16.084000Z
1.1583200000000002,1.15835,1690000.0572,1000000.0,2018-09-28T12:58:16.600000Z
1.15834,1.15835,1000000.0,1690000.0572,2018-09-28T12:58:16.702000Z
1.15836,1.15838,1000000.0,1570000.0525,2018-09-28T12:58:17.368000Z
1.15838,1.15839,1000000.0,1000000.0,2018-09-28T12:58:17.698000Z
1.15839,1.1584100000000002,1000000.0,3819999.9332,2018-09-28T12:58:17.802000Z
1.15839,1.1584,1000000.0,1000000.0,2018-09-28T12:58:18.326000Z
1.15838,1.15839,1950000.0477,1250000.0,2018-09-28T12:58:18.483000Z
1.15838,1.1584,1950000.0477,1690000.0572,2018-09-28T12:58:18.996000Z
1.15838,1.15839,1200000.0477,1250000.0,2018-09-28T12:58:19.715000Z
1.15838,1.1584,1000000.0,1690000.0572,2018-09-28T12:58:20.651000Z
1.15838,1.15839,1000000.0,1250000.0,2018-09-28T12:58:21.299000Z
1.15836,1.15838,1309999.9428,1000000.0,2018-09-28T12:58:21.659000Z
1.1584200000000002,1.15845,1000000.0,3190000.0572,2018-09-28T12:58:21.910000Z
1.1584200000000002,1.15845,1000000.0,3190000.0572,2018-09-28T12:58:22.429000Z
1.15843,1.15845,1000000.0,3000000.0,2018-09-28T12:58:23.861000Z
1.15847,1.1585,1500000.0,4760000.2289,2018-09-28T12:58:24.473000Z
1.1585100000000002,1.15856,5250000.0,9819999.6948,2018-09-28T12:58:24.639000Z
1.1585400000000001,1.15856,1000000.0,7389999.8665,2018-09-28T12:58:24.693000Z
1.15848,1.1585100000000002,1000000.0,2440000.0572,2018-09-28T12:58:24.991000Z
1.15848,1.1585,1000000.0,5059999.9428,2018-09-28T12:58:25.690000Z
1.15849,1.1585100000000002,1000000.0,4690000.0572,2018-09-28T12:58:26.129000Z
1.15848,1.1585,3190000.0572,1440000.0572,2018-09-28T12:58:26.181000Z
1.15849,1.1585100000000002,1000000.0,1120000.0048,2018-09-28T12:58:26.341000Z
1.15857,1.15859,1000000.0,6820000.1717,2018-09-28T12:58:26.553000Z
1.15857,1.1586,5889999.8665,1000000.0,2018-09-28T12:58:27.103000Z
1.1585200000000002,1.15853,1200000.0477,1000000.0,2018-09-28T12:58:27.511000Z
1.1585200000000002,1.15855,3039999.9619,2250000.0,2018-09-28T12:58:27.724000Z
1.15856,1.15857,4309999.9428,1870000.0048,2018-09-28T12:58:28.229000Z
1.15856,1.15859,4389999.8665,1000000.0,2018-09-28T12:58:28.282000Z
1.15855,1.15858,4050000.1907,1000000.0,2018-09-28T12:58:28.389000Z
1.1585400000000001,1.15856,3299999.9523,1000000.0,2018-09-28T12:58:28.812000Z
1.1585400000000001,1.15856,1000000.0,2890000.1049,2018-09-28T12:58:29.345000Z
1.1585400000000001,1.15856,1000000.0,5320000.1717,2018-09-28T12:58:29.872000Z
1.15853,1.15855,1000000.0,1000000.0,2018-09-28T12:58:30.416000Z
1.15853,1.15856,4010000.2289,1000000.0,2018-09-28T12:58:34.586000Z
1.15856,1.15858,6599999.9046,1870000.0048,2018-09-28T12:58:34.865000Z
1.15858,1.1586100000000001,2319999.9332,1100000.0238,2018-09-28T12:58:34.970000Z
1.1586100000000001,1.15863,3190000.0572,1500000.0,2018-09-28T12:58:35.178000Z
1.1586200000000002,1.1586400000000001,1570000.0525,1000000.0,2018-09-28T12:58:35.668000Z
1.1586,1.1586100000000001,3750000.0,1690000.0572,2018-09-28T12:58:36.053000Z
1.15857,1.15859,1000000.0,1000000.0,2018-09-28T12:58:36.264000Z
1.15856,1.15859,1200000.0477,1690000.0572,2018-09-28T12:58:36.812000Z
1.15856,1.15859,1950000.0477,3940000.0572,2018-09-28T12:58:37.350000Z
1.15855,1.15859,3819999.9332,3369999.8856,2018-09-28T12:58:37.660000Z
1.1585400000000001,1.15858,3450000.0477,14649999.6185,2018-09-28T12:58:38.028000Z
1.1585400000000001,1.15858,2700000.0477,17059999.4659,2018-09-28T12:58:38.530000Z
1.15856,1.15858,1950000.0477,3750000.0,2018-09-28T12:58:39.650000Z
1.15856,1.15859,1570000.0525,2440000.0572,2018-09-28T12:58:39.701000Z
1.15856,1.15859,1759999.9905,1690000.0572,2018-09-28T12:58:40.223000Z
1.15857,1.15859,1000000.0,1500000.0,2018-09-28T12:58:40.862000Z
1.15859,1.1586100000000001,1000000.0,3190000.0572,2018-09-28T12:58:41.230000Z
1.1586200000000002,1.15865,1000000.0,6940000.0572,2018-09-28T12:58:41.438000Z
1.1586200000000002,1.1586400000000001,1200000.0477,2440000.0572,2018-09-28T12:58:41.491000Z
1.1586200000000002,1.1586400000000001,1950000.0477,1690000.0572,2018-09-28T12:58:42.028000Z
1.1586,1.1586200000000002,5699999.8093,5659999.8474,2018-09-28T12:58:42.492000Z
1.15858,1.1586,1870000.0048,1620000.0048,2018-09-28T12:58:42.544000Z
1.15859,1.1586100000000001,1000000.0,3259999.9905,2018-09-28T12:58:43Z
1.1586200000000002,1.15863,1000000.0,1950000.0477,2018-09-28T12:58:43.474000Z
1.1586200000000002,1.15866,1500000.0,7239999.7711,2018-09-28T12:58:43.528000Z
1.1586200000000002,1.15865,1000000.0,4199999.8093,2018-09-28T12:58:44.269000Z
1.1586,1.1586400000000001,6820000.1717,2619999.8856,2018-09-28T12:58:47.239000Z
1.15859,1.1586100000000001,1200000.0477,1250000.0,2018-09-28T12:58:47.394000Z
1.1586200000000002,1.15863,1500000.0,1200000.0477,2018-09-28T12:58:47.725000Z
1.1586200000000002,1.15866,3369999.8856,5590000.1526,2018-09-28T12:58:47.779000Z
1.1586400000000001,1.15866,3000000.0,2319999.9332,2018-09-28T12:58:49.692000Z
1.15866,1.15868,1350000.0238,1000000.0,2018-09-28T12:58:49.745000Z
1.15865,1.15868,2619999.8856,2619999.8856,2018-09-28T12:58:50.259000Z
1.1586,1.1586200000000002,4199999.8093,2289999.9619,2018-09-28T12:58:50.597000Z
1.1586100000000001,1.15863,4119999.8856,1500000.0,2018-09-28T12:58:50.757000Z
1.1586200000000002,1.15865,1000000.0,1870000.0048,2018-09-28T12:58:50.861000Z
1.1586400000000001,1.15866,1000000.0,2619999.8856,2018-09-28T12:58:51.066000Z
1.15865,1.15867,1000000.0,2619999.8856,2018-09-28T12:58:51.374000Z
1.15866,1.15868,1000000.0,4199999.8093,2018-09-28T12:58:52.170000Z
1.15866,1.15867,1000000.0,1000000.0,2018-09-28T12:58:53.160000Z
1.1586400000000001,1.15866,1500000.0,1000000.0,2018-09-28T12:58:53.706000Z
1.15865,1.15867,1250000.0,1120000.0048,2018-09-28T12:58:54.243000Z
1.1586400000000001,1.15868,10390000.3433,2619999.8856,2018-09-28T12:58:54.766000Z
1.1586400000000001,1.15866,1870000.0048,1000000.0,2018-09-28T12:58:55.078000Z
1.15865,1.15867,1000000.0,1309999.9428,2018-09-28T12:58:57.733000Z
1.1586400000000001,1.15866,2250000.0,1000000.0,2018-09-28T12:58:58.250000Z
1.15865,1.15866,1000000.0,1500000.0,2018-09-28T12:58:58.932000Z
1.15866,1.15867,1000000.0,2250000.0,2018-09-28T12:58:59.830000Z
1.1586400000000001,1.15866,1000000.0,1000000.0,2018-09-28T12:59:00.192000Z
1.15863,1.15866,5139999.8665,2809999.9428,2018-09-28T12:59:01.202000Z
1.1586400000000001,1.15866,1000000.0,2619999.8856,2018-09-28T12:59:01.709000Z
1.15866,1.15867,1000000.0,1500000.0,2018-09-28T12:59:02.245000Z
1.15866,1.15868,1000000.0,2319999.9332,2018-09-28T12:59:02.298000Z
1.15866,1.15868,1000000.0,6940000.0572,2018-09-28T12:59:02.843000Z
1.1586400000000001,1.15867,3819999.9332,1620000.0048,2018-09-28T12:59:03.171000Z
1.15866,1.15868,1200000.0477,3190000.0572,2018-09-28T12:59:03.485000Z
1.15866,1.15868,1000000.0,14989999.7711,2018-09-28T12:59:04.787000Z
1.15865,1.15868,1000000.0,16760000.2289,2018-09-28T12:59:05.322000Z
1.15865,1.15867,1000000.0,2700000.0477,2018-09-28T12:59:06.270000Z
1.15867,1.15868,1120000.0048,1870000.0048,2018-09-28T12:59:06.818000Z
1.15865,1.15868,6449999.8093,1120000.0048,2018-09-28T12:59:07.335000Z
1.15865,1.15868,1000000.0,1870000.0048,2018-09-28T12:59:07.857000Z
1.15865,1.15868,2319999.9332,1870000.0048,2018-09-28T12:59:08.402000Z
1.15865,1.15868,2700000.0477,1870000.0048,2018-09-28T12:59:08.915000Z
1.15866,1.15869,1250000.0,2809999.9428,2018-09-28T12:59:09.440000Z
1.15866,1.15869,2440000.0572,2809999.9428,2018-09-28T12:59:09.953000Z
1.15866,1.15869,1759999.9905,3940000.0572,2018-09-28T12:59:10.176000Z
1.15866,1.15869,1000000.0,3559999.9428,2018-09-28T12:59:11.594000Z
1.15865,1.15867,1100000.0238,2440000.0572,2018-09-28T12:59:11.867000Z
1.1586400000000001,1.15867,4199999.8093,6559999.9428,2018-09-28T12:59:12.400000Z
1.1586400000000001,1.15866,2250000.0,2250000.0,2018-09-28T12:59:12.908000Z
1.15866,1.15867,1000000.0,1000000.0,2018-09-28T12:59:14.066000Z
1.15867,1.15868,1000000.0,2619999.8856,2018-09-28T12:59:14.197000Z
1.15867,1.15869,1500000.0,2250000.0,2018-09-28T12:59:14.724000Z
1.15866,1.15868,1100000.0238,2250000.0,2018-09-28T12:59:19.864000Z
1.15866,1.15868,1000000.0,1370000.0048,2018-09-28T12:59:21.494000Z
1.15866,1.15868,1950000.0477,1000000.0,2018-09-28T12:59:22.002000Z
1.15866,1.15868,3940000.0572,1870000.0048,2018-09-28T12:59:22.513000Z
1.15866,1.15868,1000000.0,1000000.0,2018-09-28T12:59:23.067000Z
1.15867,1.15869,2809999.9428,4500000.0,2018-09-28T12:59:23.630000Z
1.15866,1.15868,6489999.7711,1500000.0,2018-09-28T12:59:24.572000Z
1.15866,1.15869,7420000.0763,2250000.0,2018-09-28T12:59:25.094000Z
1.15866,1.15868,4239999.7711,1500000.0,2018-09-28T12:59:25.634000Z
1.15867,1.15869,2890000.1049,1500000.0,2018-09-28T12:59:26.149000Z
1.15867,1.15869,4309999.9428,3000000.0,2018-09-28T12:59:26.672000Z
1.15866,1.15868,5139999.8665,1500000.0,2018-09-28T12:59:27.262000Z
1.15868,1.15869,1000000.0,1500000.0,2018-09-28T12:59:27.955000Z
1.15868,1.15869,1000000.0,1500000.0,2018-09-28T12:59:28.458000Z
1.15867,1.15869,1759999.9905,2250000.0,2018-09-28T12:59:29.536000Z
1.15867,1.15868,1100000.0238,1500000.0,2018-09-28T12:59:30.070000Z
1.15867,1.15868,1000000.0,1220000.0286,2018-09-28T12:59:30.611000Z
1.15867,1.15869,1000000.0,1970000.0286,2018-09-28T12:59:31.203000Z
1.15866,1.15869,1000000.0,4219999.7902,2018-09-28T12:59:33.193000Z
1.15866,1.15868,1000000.0,1200000.0477,2018-09-28T12:59:33.887000Z
1.15866,1.15868,1000000.0,2509999.9905,2018-09-28T12:59:34.573000Z
1.15866,1.15869,1500000.0,1500000.0,2018-09-28T12:59:34.783000Z
1.15866,1.15868,1000000.0,1490000.0095,2018-09-28T12:59:35.314000Z
1.15866,1.15869,2250000.0,2049999.9523,2018-09-28T12:59:36.915000Z
1.15866,1.15869,6489999.7711,2500000.0,2018-09-28T12:59:39.859000Z
1.15866,1.15869,3640000.1049,1940000.0572,2018-09-28T12:59:40.699000Z
1.15869,1.1587,8060000.4196,1679999.9475,2018-09-28T12:59:40.859000Z
1.15868,1.1587,1870000.0048,2440000.0572,2018-09-28T12:59:41.372000Z
1.15868,1.1587,1870000.0048,2059999.9428,2018-09-28T12:59:42.010000Z
1.15867,1.1587100000000001,3559999.9428,2890000.1049,2018-09-28T12:59:42.922000Z
1.15867,1.15869,4690000.0572,1190000.0572,2018-09-28T12:59:44.031000Z
1.15867,1.15869,3000000.0,2440000.0572,2018-09-28T12:59:44.561000Z
1.15867,1.1587,5699999.8093,2960000.0381,2018-09-28T12:59:45.076000Z
1.15865,1.15867,1120000.0048,5250000.0,2018-09-28T12:59:45.394000Z
1.15865,1.15866,1000000.0,1500000.0,2018-09-28T12:59:45.965000Z
1.1586400000000001,1.15866,1500000.0,3000000.0,2018-09-28T12:59:47.442000Z
1.15863,1.1586400000000001,1500000.0,2849999.9046,2018-09-28T12:59:48.086000Z
1.15859,1.1586,1500000.0,1250000.0,2018-09-28T12:59:48.247000Z
1.15856,1.15857,1120000.0048,2250000.0,2018-09-28T12:59:48.300000Z
1.1585400000000001,1.15857,1870000.0048,4309999.9428,2018-09-28T12:59:48.522000Z
1.15853,1.15856,2619999.8856,1690000.0572,2018-09-28T12:59:49.036000Z
1.15853,1.1585400000000001,1000000.0,3000000.0,2018-09-28T12:59:49.492000Z
1.1585,1.1585200000000002,1000000.0,3750000.0,2018-09-28T12:59:49.658000Z
1.15849,1.1585200000000002,1500000.0,4199999.8093,2018-09-28T12:59:50.193000Z
1.15848,1.1585100000000002,1759999.9905,2140000.1049,2018-09-28T12:59:50.701000Z
1.1585,1.1585100000000002,1500000.0,1000000.0,2018-09-28T12:59:52.209000Z
1.1585100000000002,1.15853,1570000.0525,7500000.0,2018-09-28T12:59:52.325000Z
1.15849,1.1585200000000002,5699999.8093,1570000.0525,2018-09-28T12:59:52.481000Z
1.1585,1.15853,1000000.0,2890000.1049,2018-09-28T12:59:52.989000Z
1.1585200000000002,1.15853,1000000.0,1000000.0,2018-09-28T12:59:53.198000Z
1.1585200000000002,1.15855,3559999.9428,1200000.0477,2018-09-28T12:59:53.252000Z
1.15853,1.15856,1500000.0,3819999.9332,2018-09-28T12:59:53.754000Z
1.15853,1.15855,1500000.0,1000000.0,2018-09-28T12:59:53.860000Z
1.1585100000000002,1.1585400000000001,4500000.0,1000000.0,2018-09-28T12:59:53.914000Z
1.1585100000000002,1.15853,1000000.0,3640000.1049,2018-09-28T12:59:53.967000Z
1.15849,1.1585100000000002,1000000.0,1500000.0,2018-09-28T12:59:54.074000Z
1.15847,1.1585,4690000.0572,1000000.0,2018-09-28T12:59:54.624000Z
1.15847,1.1585,3000000.0,1500000.0,2018-09-28T12:59:55.163000Z
1.15848,1.1585100000000002,1500000.0,1950000.0477,2018-09-28T12:59:55.664000Z
1.15847,1.1585100000000002,3000000.0,1950000.0477,2018-09-28T12:59:56.460000Z
1.15848,1.1585100000000002,1000000.0,4199999.8093,2018-09-28T12:59:56.974000Z
1.15847,1.15849,1000000.0,3750000.0,2018-09-28T12:59:57.345000Z
1.15845,1.15847,1120000.0048,3190000.0572,2018-09-28T12:59:57.703000Z
1.15843,1.15846,5619999.8856,1000000.0,2018-09-28T12:59:57.806000Z
1.15843,1.15846,2619999.8856,4570000.1717,2018-09-28T12:59:59.003000Z
1.15846,1.15847,1250000.0,3750000.0,2018-09-28T12:59:59.427000Z
1.15846,1.15848,2440000.0572,1000000.0,2018-09-28T12:59:59.977000Z
1.15847,1.1585,2619999.8856,1250000.0,2018-09-28T13:00:00.188000Z
1.15849,1.1585200000000002,2250000.0,5320000.1717,2018-09-28T13:00:00.402000Z
1.1585200000000002,1.15856,2250000.0,5320000.1717,2018-09-28T13:00:00.457000Z
1.15853,1.15856,1500000.0,4010000.2289,2018-09-28T13:00:00.977000Z
1.1585200000000002,1.15856,3369999.8856,3819999.9332,2018-09-28T13:00:01.496000Z
1.15855,1.15857,2250000.0,2700000.0477,2018-09-28T13:00:01.681000Z
1.15853,1.15855,1000000.0,1690000.0572,2018-09-28T13:00:02.211000Z
1.1585100000000002,1.15853,2619999.8856,1250000.0,2018-09-28T13:00:02.262000Z
1.15849,1.1585200000000002,4500000.0,10199999.8093,2018-09-28T13:00:02.467000Z
1.15853,1.1585400000000001,3369999.8856,7119999.8856,2018-09-28T13:00:02.570000Z
1.15858,1.15859,1500000.0,1000000.0,2018-09-28T13:00:02.890000Z
1.1585400000000001,1.15858,2019999.9809,6559999.9428,2018-09-28T13:00:02.942000Z
1.1585400000000001,1.15856,1000000.0,2140000.1049,2018-09-28T13:00:03.140000Z
1.15853,1.15855,1000000.0,1000000.0,2018-09-28T13:00:03.651000Z
1.1585400000000001,1.15856,1500000.0,1500000.0,2018-09-28T13:00:04.182000Z
1.15853,1.15856,1250000.0,2250000.0,2018-09-28T13:00:04.716000Z
1.15853,1.15856,1250000.0,1690000.0572,2018-09-28T13:00:05.634000Z
1.15853,1.15856,1250000.0,1000000.0,2018-09-28T13:00:06.171000Z
1.1585200000000002,1.15856,5889999.8665,2619999.8856,2018-09-28T13:00:06.722000Z
1.1585200000000002,1.15856,6820000.1717,1870000.0048,2018-09-28T13:00:07.322000Z
1.1585200000000002,1.15856,3750000.0,4010000.2289,2018-09-28T13:00:07.829000Z
1.1585200000000002,1.15856,1200000.0477,4949999.8093,2018-09-28T13:00:08.530000Z
1.1585200000000002,1.15856,1870000.0048,4760000.2289,2018-09-28T13:00:09.061000Z
1.1585200000000002,1.15853,1000000.0,1000000.0,2018-09-28T13:00:09.456000Z
1.1585,1.1585200000000002,1000000.0,1000000.0,2018-09-28T13:00:09.508000Z
1.1585100000000002,1.15853,2809999.9428,1500000.0,2018-09-28T13:00:09.712000Z
1.1585100000000002,1.15855,5510000.2289,1000000.0,2018-09-28T13:00:09.815000Z
1.1585100000000002,1.1585200000000002,1570000.0525,1000000.0,2018-09-28T13:00:10.212000Z
1.1585100000000002,1.15853,1570000.0525,1500000.0,2018-09-28T13:00:10.748000Z
1.1585100000000002,1.15853,2440000.0572,1000000.0,2018-09-28T13:00:11.257000Z
1.1585200000000002,1.15855,2619999.8856,1870000.0048,2018-09-28T13:00:11.366000Z
1.1585100000000002,1.15853,4010000.2289,1500000.0,2018-09-28T13:00:11.676000Z
1.15843,1.15845,1000000.0,1700000.0477,2018-09-28T13:00:11.989000Z
1.1584100000000002,1.1584200000000002,1100000.0238,1250000.0,2018-09-28T13:00:12.380000Z
1.1584100000000002,1.15844,1690000.0572,2250000.0,2018-09-28T13:00:12.731000Z
1.15843,1.15845,1000000.0,1309999.9428,2018-09-28T13:00:12.890000Z
1.1584100000000002,1.15845,4309999.9428,1759999.9905,2018-09-28T13:00:12.943000Z
1.1584100000000002,1.15844,1000000.0,3000000.0,2018-09-28T13:00:13.532000Z
1.1584100000000002,1.15843,1200000.0477,2250000.0,2018-09-28T13:00:14.116000Z
1.1584100000000002,1.1584200000000002,1000000.0,1000000.0,2018-09-28T13:00:14.486000Z
1.1584,1.15843,3940000.0572,4570000.1717,2018-09-28T13:00:14.644000Z
1.1584,1.15844,8140000.3433,1000000.0,2018-09-28T13:00:15.163000Z
1.1584,1.15844,1500000.0,3450000.0477,2018-09-28T13:00:16.215000Z
1.15839,1.1584,8810000.4196,1250000.0,2018-09-28T13:00:16.388000Z
1.15836,1.15839,3000000.0,1250000.0,2018-09-28T13:00:16.493000Z
1.15836,1.15838,1120000.0048,1000000.0,2018-09-28T13:00:17.010000Z
1.15833,1.15836,2470000.0286,1500000.0,2018-09-28T13:00:17.317000Z
1.15835,1.1583700000000001,1500000.0,6070000.1717,2018-09-28T13:00:17.710000Z
1.15836,1.1584,1200000.0477,12819999.6948,2018-09-28T13:00:17.968000Z
1.15834,1.15836,1000000.0,1000000.0,2018-09-28T13:00:18.224000Z
1.15833,1.15836,3369999.8856,1000000.0,2018-09-28T13:00:19.377000Z
1.15833,1.1583700000000001,1870000.0048,6039999.9619,2018-09-28T13:00:20.131000Z
1.1583200000000002,1.15834,1000000.0,1000000.0,2018-09-28T13:00:20.448000Z
1.1583100000000002,1.15833,2250000.0,1250000.0,2018-09-28T13:00:20.998000Z
1.1583100000000002,1.15834,1000000.0,1000000.0,2018-09-28T13:00:23.107000Z
1.1583100000000002,1.15835,2140000.1049,4869999.8856,2018-09-28T13:00:24.423000Z
1.1583100000000002,1.15835,1950000.0477,2440000.0572,2018-09-28T13:00:25.090000Z
1.1583200000000002,1.15835,1250000.0,3369999.8856,2018-09-28T13:00:25.754000Z
1.1583100000000002,1.15834,3259999.9905,1100000.0238,2018-09-28T13:00:26.313000Z
1.15835,1.1583700000000001,22389999.3896,3069999.9332,2018-09-28T13:00:26.734000Z
1.1583700000000001,1.15839,2440000.0572,2250000.0,2018-09-28T13:00:26.786000Z
