bid,ask,bid_vol,ask_vol,time
1.13781,1.13783,1000000.0,8439999.5804,2019-06-28T12:45:01.105000Z
1.1378000000000001,1.13783,1000000.0,5440000.0572,2019-06-28T12:45:01.237000Z
1.1378000000000001,1.13782,1000000.0,1000000.0,2019-06-28T12:45:01.833000Z
1.13779,1.13782,8260000.2289,1000000.0,2019-06-28T12:45:03.356000Z
1.1378000000000001,1.13782,1200000.0477,1000000.0,2019-06-28T12:45:04.705000Z
1.13779,1.13782,7880000.1144,1000000.0,2019-06-28T12:45:04.808000Z
1.1378000000000001,1.13782,1950000.0477,1000000.0,2019-06-28T12:45:05.234000Z
1.13781,1.13783,1000000.0,1100000.0238,2019-06-28T12:45:05.394000Z
1.13781,1.13784,1690000.0572,5659999.8474,2019-06-28T12:45:05.496000Z
1.1378000000000001,1.13783,1309999.9428,4500000.0,2019-06-28T12:45:08.109000Z
1.13779,1.13782,1500000.0,2509999.9905,2019-06-28T12:45:10.047000Z
1.13779,1.13783,2440000.0572,6639999.8665,2019-06-28T12:45:10.209000Z
1.13779,1.13782,3190000.0572,1000000.0,2019-06-28T12:45:10.311000Z
1.1378000000000001,1.13783,1000000.0,7139999.8665,2019-06-28T12:45:10.424000Z
1.13781,1.13783,1000000.0,6010000.2289,2019-06-28T12:45:10.678000Z
1.1378000000000001,1.13783,1000000.0,4760000.2289,2019-06-28T12:45:10.831000Z
1.1378000000000001,1.13783,2809999.9428,4639999.8665,2019-06-28T12:45:11.579000Z
1.1378000000000001,1.13783,2619999.8856,6070000.1717,2019-06-28T12:45:11.681000Z
1.13781,1.13782,1500000.0,1000000.0,2019-06-28T12:45:11.934000Z
1.13781,1.13783,1690000.0572,1870000.0048,2019-06-28T12:45:12.137000Z
1.13781,1.13782,1250000.0,1000000.0,2019-06-28T12:45:12.634000Z
1.13781,1.13783,1250000.0,2140000.1049,2019-06-28T12:45:12.768000Z
1.13782,1.13783,1000000.0,1000000.0,2019-06-28T12:45:13.715000Z
1.13782,1.13785,1100000.0238,2509999.9905,2019-06-28T12:45:13.855000Z
1.1378000000000001,1.13782,4869999.8856,2119999.8856,2019-06-28T12:45:13.957000Z
1.13776,1.13778,8890000.3433,1000000.0,2019-06-28T12:45:14.059000Z
1.13774,1.13775,1000000.0,1250000.0,2019-06-28T12:45:14.161000Z
1.13773,1.13775,2440000.0572,1690000.0572,2019-06-28T12:45:14.266000Z
1.13772,1.13776,3069999.9332,1690000.0572,2019-06-28T12:45:14.368000Z
1.13771,1.13776,12369999.8856,2440000.0572,2019-06-28T12:45:15.308000Z
1.13773,1.13776,3000000.0,2440000.0572,2019-06-28T12:45:15.730000Z
1.13772,1.13776,4570000.1717,1690000.0572,2019-06-28T12:45:15.837000Z
1.13773,1.13776,1000000.0,3190000.0572,2019-06-28T12:45:15.989000Z
1.13774,1.13776,1500000.0,1389999.9857,2019-06-28T12:45:16.091000Z
1.13774,1.1377700000000002,1250000.0,1309999.9428,2019-06-28T12:45:16.193000Z
1.13775,1.1377700000000002,1100000.0238,2059999.9428,2019-06-28T12:45:16.295000Z
1.13774,1.1377700000000002,1309999.9428,1250000.0,2019-06-28T12:45:17.407000Z
1.13773,1.1377700000000002,1690000.0572,1009999.9905,2019-06-28T12:45:18.351000Z
1.13774,1.1377700000000002,1000000.0,3190000.0572,2019-06-28T12:45:18.684000Z
1.13773,1.1377700000000002,2509999.9905,1250000.0,2019-06-28T12:45:18.786000Z
1.13774,1.1377700000000002,3640000.1049,1419999.9571,2019-06-28T12:45:21.450000Z
1.13775,1.13778,3190000.0572,1970000.0286,2019-06-28T12:45:21.552000Z
1.13775,1.13778,2500000.0,1250000.0,2019-06-28T12:45:21.654000Z
1.13774,1.13778,6639999.8665,4690000.0572,2019-06-28T12:45:21.705000Z
1.13774,1.1377700000000002,3190000.0572,1000000.0,2019-06-28T12:45:21.848000Z
1.13773,1.1377700000000002,5050000.1907,2720000.0286,2019-06-28T12:45:22.257000Z
1.13773,1.1377700000000002,4610000.1335,3190000.0572,2019-06-28T12:45:22.359000Z
1.13773,1.1377700000000002,8420000.0763,1000000.0,2019-06-28T12:45:22.511000Z
1.13774,1.13776,1690000.0572,1000000.0,2019-06-28T12:45:23.922000Z
1.13776,1.13778,2619999.8856,1100000.0238,2019-06-28T12:45:23.974000Z
1.13776,1.13779,1309999.9428,1000000.0,2019-06-28T12:45:24.077000Z
1.1377700000000002,1.13779,2250000.0,1000000.0,2019-06-28T12:45:24.245000Z
1.1377700000000002,1.13781,1500000.0,14699999.8093,2019-06-28T12:45:24.347000Z
1.1377700000000002,1.13781,1759999.9905,3559999.9428,2019-06-28T12:45:28.209000Z
1.1377700000000002,1.1378000000000001,2210000.0381,1000000.0,2019-06-28T12:45:28.311000Z
1.13778,1.1378000000000001,1950000.0477,1000000.0,2019-06-28T12:45:29.215000Z
1.1377700000000002,1.1378000000000001,4090000.1526,1500000.0,2019-06-28T12:45:29.317000Z
1.13775,1.1377700000000002,3359999.8951,1000000.0,2019-06-28T12:45:30.467000Z
1.13773,1.13776,1750000.0,2250000.0,2019-06-28T12:45:30.518000Z
1.13772,1.13776,2200000.0477,1600000.0238,2019-06-28T12:45:30.621000Z
1.13772,1.13775,1500000.0,2289999.9619,2019-06-28T12:45:30.774000Z
1.13773,1.13775,1000000.0,2619999.8856,2019-06-28T12:45:31.691000Z
1.13772,1.13775,2250000.0,1940000.0572,2019-06-28T12:45:31.793000Z
1.13773,1.13775,1000000.0,4190000.0572,2019-06-28T12:45:32.975000Z
1.13773,1.13775,1000000.0,1870000.0048,2019-06-28T12:45:33.086000Z
1.13772,1.13775,2250000.0,1940000.0572,2019-06-28T12:45:33.145000Z
1.13772,1.13775,2250000.0,1120000.0048,2019-06-28T12:45:33.938000Z
1.13773,1.13775,1000000.0,2250000.0,2019-06-28T12:45:34.903000Z
1.13772,1.13775,1690000.0572,1000000.0,2019-06-28T12:45:35.056000Z
1.13772,1.13776,1690000.0572,8359999.6567,2019-06-28T12:45:35.158000Z
1.13773,1.13776,1000000.0,9239999.7711,2019-06-28T12:45:35.296000Z
1.13772,1.13776,1690000.0572,9489999.7711,2019-06-28T12:45:35.454000Z
1.13772,1.13775,1690000.0572,1500000.0,2019-06-28T12:45:35.556000Z
1.13772,1.13775,1500000.0,1500000.0,2019-06-28T12:45:35.915000Z
1.13772,1.13776,1950000.0477,8319999.6948,2019-06-28T12:45:36.122000Z
1.13772,1.13775,2319999.9332,3890000.1049,2019-06-28T12:45:37.083000Z
1.13772,1.13775,2319999.9332,1389999.9857,2019-06-28T12:45:37.184000Z
1.13773,1.13775,1000000.0,1389999.9857,2019-06-28T12:45:37.336000Z
1.13772,1.13775,2319999.9332,1389999.9857,2019-06-28T12:45:37.473000Z
1.13773,1.13776,1000000.0,10260000.2289,2019-06-28T12:45:37.574000Z
1.13772,1.13775,1570000.0525,1389999.9857,2019-06-28T12:45:37.712000Z
1.13773,1.13776,1000000.0,9489999.7711,2019-06-28T12:45:39.487000Z
1.13772,1.13775,1500000.0,1120000.0048,2019-06-28T12:45:39.589000Z
1.13772,1.13776,2190000.0572,4420000.0763,2019-06-28T12:45:40.300000Z
1.13772,1.13776,1690000.0572,6110000.1335,2019-06-28T12:45:40.656000Z
1.13772,1.13776,1500000.0,6800000.1907,2019-06-28T12:45:40.859000Z
1.13772,1.13774,1500000.0,1000000.0,2019-06-28T12:45:41.529000Z
1.13772,1.13775,1500000.0,1120000.0048,2019-06-28T12:45:41.630000Z
1.13772,1.13774,3000000.0,1000000.0,2019-06-28T12:45:41.733000Z
1.13772,1.13775,2250000.0,1120000.0048,2019-06-28T12:45:41.835000Z
1.13772,1.13774,2250000.0,1000000.0,2019-06-28T12:45:41.996000Z
1.13772,1.13775,2250000.0,1120000.0048,2019-06-28T12:45:42.289000Z
1.13773,1.13775,1309999.9428,1120000.0048,2019-06-28T12:45:42.392000Z
1.13773,1.13776,1500000.0,2200000.0477,2019-06-28T12:45:42.598000Z
1.13772,1.13776,5440000.0572,5070000.1717,2019-06-28T12:45:44.762000Z
1.13774,1.13776,1870000.0048,1450000.0477,2019-06-28T12:45:45.161000Z
1.13774,1.1377700000000002,5440000.0572,5199999.8093,2019-06-28T12:45:45.286000Z
1.13774,1.13775,1000000.0,1000000.0,2019-06-28T12:45:45.543000Z
1.13773,1.13775,2250000.0,1000000.0,2019-06-28T12:45:45.646000Z
1.13774,1.13776,1000000.0,4789999.9619,2019-06-28T12:45:46.767000Z
1.13774,1.13776,1000000.0,2440000.0572,2019-06-28T12:45:47.403000Z
1.13774,1.13775,1000000.0,1000000.0,2019-06-28T12:45:48.066000Z
1.13773,1.13775,1570000.0525,1000000.0,2019-06-28T12:45:48.226000Z
1.13772,1.13774,6969999.7902,1000000.0,2019-06-28T12:45:48.552000Z
1.13774,1.13776,1120000.0048,4750000.0,2019-06-28T12:45:49.657000Z
1.13775,1.13778,5889999.8665,3190000.0572,2019-06-28T12:45:49.759000Z
1.13775,1.13779,5510000.2289,12939999.5804,2019-06-28T12:45:49.908000Z
1.13775,1.13779,4409999.8474,3190000.0572,2019-06-28T12:45:50.011000Z
1.13775,1.13778,4409999.8474,1000000.0,2019-06-28T12:45:50.232000Z
1.13775,1.1377700000000002,2140000.1049,1250000.0,2019-06-28T12:45:50.334000Z
1.13776,1.1377700000000002,1000000.0,1250000.0,2019-06-28T12:45:50.539000Z
1.13774,1.13776,1950000.0477,1000000.0,2019-06-28T12:45:50.799000Z
1.13774,1.1377700000000002,1100000.0238,3940000.0572,2019-06-28T12:45:50.901000Z
1.13773,1.1377700000000002,1250000.0,3859999.8951,2019-06-28T12:45:51.003000Z
1.13773,1.1377700000000002,1759999.9905,4789999.9619,2019-06-28T12:45:52.178000Z
1.13773,1.1377700000000002,3640000.1049,7309999.9428,2019-06-28T12:45:52.350000Z
1.13773,1.1377700000000002,5539999.9619,6260000.2289,2019-06-28T12:45:52.774000Z
1.13773,1.1377700000000002,1309999.9428,3640000.1049,2019-06-28T12:45:52.876000Z
1.13773,1.1377700000000002,1759999.9905,4039999.9619,2019-06-28T12:45:53.239000Z
1.13773,1.1377700000000002,3700000.0477,1690000.0572,2019-06-28T12:45:53.797000Z
1.13774,1.13778,6940000.0572,2140000.1049,2019-06-28T12:45:54.002000Z
1.13775,1.13778,2250000.0,4510000.2289,2019-06-28T12:45:54.104000Z
1.13774,1.1377700000000002,5440000.0572,1120000.0048,2019-06-28T12:45:54.316000Z
1.13775,1.1377700000000002,1500000.0,1120000.0048,2019-06-28T12:45:57.993000Z
1.1377700000000002,1.1378000000000001,1250000.0,7719999.7902,2019-06-28T12:45:58.146000Z
1.13779,1.13782,1000000.0,6199999.8093,2019-06-28T12:45:58.363000Z
1.13778,1.13782,1500000.0,2950000.0477,2019-06-28T12:45:58.465000Z
1.13778,1.13782,1820000.0525,2119999.8856,2019-06-28T12:45:59.617000Z
1.13778,1.13782,1570000.0525,3619999.8856,2019-06-28T12:45:59.828000Z
1.13779,1.13781,1000000.0,1690000.0572,2019-06-28T12:46:00.134000Z
1.13778,1.13782,1500000.0,3700000.0477,2019-06-28T12:46:00.390000Z
1.13778,1.13781,1000000.0,1750000.0,2019-06-28T12:46:04.298000Z
1.13778,1.13781,1000000.0,2440000.0572,2019-06-28T12:46:04.462000Z
1.1377700000000002,1.13781,4760000.2289,2289999.9619,2019-06-28T12:46:06.067000Z
1.13778,1.1378000000000001,1000000.0,1000000.0,2019-06-28T12:46:06.173000Z
1.13778,1.13781,1000000.0,1909999.9666,2019-06-28T12:46:07.919000Z
1.1377700000000002,1.1378000000000001,3190000.0572,1000000.0,2019-06-28T12:46:08.808000Z
1.13776,1.13779,14420000.0763,1000000.0,2019-06-28T12:46:08.911000Z
1.13776,1.1378000000000001,7670000.0763,3000000.0,2019-06-28T12:46:09.014000Z
1.13776,1.13778,1000000.0,1500000.0,2019-06-28T12:46:09.541000Z
1.13775,1.13778,1690000.0572,2619999.8856,2019-06-28T12:46:09.642000Z
1.13775,1.1377700000000002,3000000.0,1500000.0,2019-06-28T12:46:09.947000Z
1.13774,1.1377700000000002,1250000.0,4500000.0,2019-06-28T12:46:10.663000Z
1.13774,1.1377700000000002,1250000.0,4969999.7902,2019-06-28T12:46:10.764000Z
1.13774,1.1377700000000002,1690000.0572,1500000.0,2019-06-28T12:46:11.716000Z
1.13774,1.1377700000000002,1250000.0,4170000.0763,2019-06-28T12:46:12.357000Z
1.13773,1.1377700000000002,3700000.0477,1000000.0,2019-06-28T12:46:12.637000Z
1.13774,1.13778,1870000.0048,8170000.0763,2019-06-28T12:46:12.975000Z
1.13774,1.1377700000000002,1870000.0048,1870000.0048,2019-06-28T12:46:13.077000Z
1.13774,1.13776,1250000.0,1000000.0,2019-06-28T12:46:14.020000Z
1.13774,1.13778,1250000.0,7010000.2289,2019-06-28T12:46:15.220000Z
1.13774,1.1377700000000002,1250000.0,1000000.0,2019-06-28T12:46:15.383000Z
1.13774,1.13778,1690000.0572,6260000.2289,2019-06-28T12:46:16.249000Z
1.13774,1.1377700000000002,6190000.0572,1000000.0,2019-06-28T12:46:16.350000Z
1.13774,1.13778,3190000.0572,7010000.2289,2019-06-28T12:46:16.452000Z
1.13774,1.13775,3750000.0,1000000.0,2019-06-28T12:46:16.807000Z
1.13773,1.13775,3819999.9332,2250000.0,2019-06-28T12:46:16.922000Z
1.13772,1.13773,3859999.8951,1120000.0048,2019-06-28T12:46:21.049000Z
1.13771,1.13774,2619999.8856,1250000.0,2019-06-28T12:46:21.151000Z
1.13771,1.13773,3119999.8856,1000000.0,2019-06-28T12:46:21.430000Z
1.13771,1.13774,1990000.0095,2099999.9046,2019-06-28T12:46:21.531000Z
1.13771,1.13774,2089999.9142,1500000.0,2019-06-28T12:46:21.759000Z
1.13773,1.13774,1000000.0,1000000.0,2019-06-28T12:46:21.912000Z
1.13773,1.13776,1500000.0,1309999.9428,2019-06-28T12:46:22.072000Z
1.13772,1.13776,5699999.8093,2049999.9523,2019-06-28T12:46:22.470000Z
1.13772,1.13775,8750000.0,1690000.0572,2019-06-28T12:46:22.521000Z
1.13772,1.13776,4949999.8093,2119999.8856,2019-06-28T12:46:22.572000Z
1.13773,1.13775,1000000.0,1250000.0,2019-06-28T12:46:22.674000Z
1.13772,1.13774,1000000.0,1000000.0,2019-06-28T12:46:22.822000Z
1.13771,1.13774,3859999.8951,1000000.0,2019-06-28T12:46:22.974000Z
1.13772,1.13774,1000000.0,1500000.0,2019-06-28T12:46:23.076000Z
1.13771,1.13773,6559999.9428,1000000.0,2019-06-28T12:46:24.222000Z
1.13771,1.13773,3210000.0381,1000000.0,2019-06-28T12:46:24.824000Z
1.13771,1.13773,1610000.0143,1000000.0,2019-06-28T12:46:24.926000Z
1.13771,1.13773,3019999.9809,1000000.0,2019-06-28T12:46:25.027000Z
1.13771,1.13773,1419999.9571,1000000.0,2019-06-28T12:46:25.368000Z
1.13771,1.13773,3769999.9809,1000000.0,2019-06-28T12:46:25.554000Z
1.13771,1.13773,1419999.9571,1000000.0,2019-06-28T12:46:26.104000Z
1.13771,1.13773,3400000.0954,1000000.0,2019-06-28T12:46:26.912000Z
1.13771,1.13772,2549999.9523,1000000.0,2019-06-28T12:46:27.014000Z
1.1377000000000002,1.13773,9390000.3433,1000000.0,2019-06-28T12:46:27.771000Z
1.13773,1.13775,3750000.0,1570000.0525,2019-06-28T12:46:27.873000Z
1.13775,1.1377700000000002,5849999.9046,1500000.0,2019-06-28T12:46:27.924000Z
1.13776,1.1377700000000002,1000000.0,1500000.0,2019-06-28T12:46:28.649000Z
1.13775,1.1377700000000002,1500000.0,1500000.0,2019-06-28T12:46:28.750000Z
1.13774,1.13775,2250000.0,2619999.8856,2019-06-28T12:46:29.370000Z
1.13772,1.13775,3190000.0572,3970000.0286,2019-06-28T12:46:29.472000Z
1.13772,1.13774,4239999.7711,1000000.0,2019-06-28T12:46:29.647000Z
1.13771,1.13774,3559999.9428,1870000.0048,2019-06-28T12:46:30.251000Z
1.13771,1.13773,2059999.9428,1100000.0238,2019-06-28T12:46:30.724000Z
1.13771,1.13774,1690000.0572,1120000.0048,2019-06-28T12:46:31.483000Z
1.13772,1.13774,3000000.0,1870000.0048,2019-06-28T12:46:31.585000Z
1.13772,1.13774,2750000.0,1870000.0048,2019-06-28T12:46:31.687000Z
1.1377000000000002,1.13772,11140000.3433,1500000.0,2019-06-28T12:46:31.977000Z
1.1377000000000002,1.13772,5059999.9428,1000000.0,2019-06-28T12:46:32.078000Z
1.1377000000000002,1.13773,3559999.9428,4349999.9046,2019-06-28T12:46:32.194000Z
1.1377000000000002,1.13773,6309999.9428,2250000.0,2019-06-28T12:46:32.448000Z
1.1377000000000002,1.13773,1690000.0572,1500000.0,2019-06-28T12:46:32.549000Z
1.1377000000000002,1.13773,1250000.0,2099999.9046,2019-06-28T12:46:33.436000Z
1.13772,1.13775,1250000.0,2140000.1049,2019-06-28T12:46:33.570000Z
1.13772,1.13775,2440000.0572,1000000.0,2019-06-28T12:46:34.364000Z
1.13772,1.13776,2440000.0572,7389999.8665,2019-06-28T12:46:35.309000Z
1.13772,1.13775,2440000.0572,1000000.0,2019-06-28T12:46:35.598000Z
1.13773,1.13775,1000000.0,1500000.0,2019-06-28T12:46:35.906000Z
1.13772,1.13774,1690000.0572,1120000.0048,2019-06-28T12:46:36.772000Z
1.13771,1.13773,1250000.0,1000000.0,2019-06-28T12:46:36.924000Z
1.1377000000000002,1.13773,5289999.9619,1000000.0,2019-06-28T12:46:38.014000Z
1.13771,1.13773,1000000.0,1220000.0286,2019-06-28T12:46:38.924000Z
1.1377000000000002,1.13772,1690000.0572,1100000.0238,2019-06-28T12:46:39.077000Z
1.1377000000000002,1.13773,1500000.0,5570000.1717,2019-06-28T12:46:39.179000Z
1.13769,1.13772,3039999.9619,3470000.0286,2019-06-28T12:46:39.304000Z
1.13768,1.13772,2509999.9905,5659999.8474,2019-06-28T12:46:39.407000Z
1.1376700000000002,1.1377000000000002,6309999.9428,1000000.0,2019-06-28T12:46:39.459000Z
1.1376700000000002,1.1377000000000002,3940000.0572,2250000.0,2019-06-28T12:46:39.562000Z
1.1376700000000002,1.13768,1000000.0,1000000.0,2019-06-28T12:46:39.765000Z
1.1376600000000001,1.1377000000000002,1570000.0525,4449999.8093,2019-06-28T12:46:39.869000Z
1.13765,1.1376600000000001,6639999.8665,1000000.0,2019-06-28T12:46:40.172000Z
1.13763,1.1376600000000001,3819999.9332,1200000.0477,2019-06-28T12:46:40.320000Z
1.13764,1.1376700000000002,1309999.9428,2319999.9332,2019-06-28T12:46:41.177000Z
1.13765,1.13768,6190000.0572,1100000.0238,2019-06-28T12:46:43.197000Z
1.13768,1.1377000000000002,2440000.0572,1000000.0,2019-06-28T12:46:43.300000Z
1.13768,1.13771,4010000.2289,1120000.0048,2019-06-28T12:46:43.414000Z
1.13769,1.13771,1000000.0,1870000.0048,2019-06-28T12:46:44.142000Z
1.13768,1.13771,7610000.1335,1120000.0048,2019-06-28T12:46:44.296000Z
1.13769,1.13771,1000000.0,1870000.0048,2019-06-28T12:46:44.713000Z
1.13768,1.13771,6860000.1335,1120000.0048,2019-06-28T12:46:44.814000Z
1.13769,1.13771,1000000.0,1870000.0048,2019-06-28T12:46:45.834000Z
1.13768,1.13771,4760000.2289,1120000.0048,2019-06-28T12:46:46.291000Z
1.13769,1.13771,1000000.0,1870000.0048,2019-06-28T12:46:46.843000Z
1.13768,1.13771,4760000.2289,1120000.0048,2019-06-28T12:46:47.073000Z
1.13769,1.13771,1000000.0,1870000.0048,2019-06-28T12:46:47.223000Z
1.13768,1.13771,4760000.2289,1120000.0048,2019-06-28T12:46:47.345000Z
1.13769,1.13771,1000000.0,1870000.0048,2019-06-28T12:46:47.447000Z
1.13768,1.13771,2440000.0572,1000000.0,2019-06-28T12:46:48.015000Z
1.1376700000000002,1.1377000000000002,2569999.9332,1000000.0,2019-06-28T12:46:49.076000Z
1.1376600000000001,1.13769,2250000.0,2440000.0572,2019-06-28T12:46:49.438000Z
1.1376700000000002,1.13769,1750000.0,1000000.0,2019-06-28T12:46:50.238000Z
1.1376700000000002,1.1377000000000002,5010000.2289,2250000.0,2019-06-28T12:46:50.408000Z
1.1376700000000002,1.13769,1350000.0238,1500000.0,2019-06-28T12:46:51.534000Z
1.1376600000000001,1.13768,3450000.0477,1000000.0,2019-06-28T12:46:51.586000Z
1.1376600000000001,1.13769,1000000.0,2440000.0572,2019-06-28T12:46:51.687000Z
1.13765,1.13768,1690000.0572,1000000.0,2019-06-28T12:46:53.024000Z
1.13765,1.1376700000000002,1009999.9905,1000000.0,2019-06-28T12:46:54.733000Z
1.1376600000000001,1.13769,1500000.0,7010000.2289,2019-06-28T12:46:57.277000Z
1.1376600000000001,1.13769,1750000.0,1500000.0,2019-06-28T12:46:57.379000Z
1.1376600000000001,1.13769,1000000.0,2059999.9428,2019-06-28T12:46:58.382000Z
1.1376600000000001,1.1377000000000002,5250000.0,7139999.8665,2019-06-28T12:46:59.288000Z
1.1376600000000001,1.13769,5349999.9046,1309999.9428,2019-06-28T12:47:00.282000Z
1.1376600000000001,1.13769,5619999.8856,2809999.9428,2019-06-28T12:47:00.384000Z
1.1376600000000001,1.13769,7940000.0572,2619999.8856,2019-06-28T12:47:00.486000Z
1.1376600000000001,1.13768,1500000.0,2440000.0572,2019-06-28T12:47:00.639000Z
1.13765,1.13768,1009999.9905,2619999.8856,2019-06-28T12:47:00.789000Z
1.13764,1.1376700000000002,3619999.8856,1000000.0,2019-06-28T12:47:00.942000Z
1.13764,1.1376700000000002,1570000.0525,1389999.9857,2019-06-28T12:47:05.369000Z
1.13763,1.1376700000000002,2059999.9428,1759999.9905,2019-06-28T12:47:07.083000Z
1.13763,1.1376700000000002,3119999.8856,2259999.9905,2019-06-28T12:47:07.294000Z
1.13763,1.1376600000000001,2059999.9428,1000000.0,2019-06-28T12:47:07.408000Z
1.13762,1.1376700000000002,13859999.6567,3259999.9905,2019-06-28T12:47:08.489000Z
1.13763,1.1376600000000001,2440000.0572,1000000.0,2019-06-28T12:47:08.591000Z
1.13762,1.1376700000000002,15359999.6567,1759999.9905,2019-06-28T12:47:08.747000Z
1.13762,1.1376600000000001,13489999.7711,1000000.0,2019-06-28T12:47:09.076000Z
1.13762,1.1376700000000002,9819999.6948,7139999.8665,2019-06-28T12:47:10.237000Z
1.13763,1.1376600000000001,3369999.8856,3000000.0,2019-06-28T12:47:10.338000Z
1.13763,1.13764,4119999.8856,3750000.0,2019-06-28T12:47:11.844000Z
1.13759,1.13763,7389999.8665,1690000.0572,2019-06-28T12:47:11.985000Z
1.1376,1.13763,1000000.0,4159999.8474,2019-06-28T12:47:12.089000Z
1.13761,1.13763,2190000.0572,1200000.0477,2019-06-28T12:47:12.140000Z
1.13762,1.13764,2140000.1049,1500000.0,2019-06-28T12:47:12.242000Z
1.13762,1.1376600000000001,1389999.9857,2160000.0858,2019-06-28T12:47:12.364000Z
1.13763,1.1376600000000001,1250000.0,1000000.0,2019-06-28T12:47:12.516000Z
1.13763,1.1376700000000002,1309999.9428,8140000.3433,2019-06-28T12:47:13.225000Z
1.13763,1.1376600000000001,1309999.9428,1000000.0,2019-06-28T12:47:13.362000Z
1.13763,1.1376600000000001,2940000.0572,1000000.0,2019-06-28T12:47:14.117000Z
1.1376700000000002,1.13769,1000000.0,1000000.0,2019-06-28T12:47:14.389000Z
1.1376600000000001,1.1377000000000002,4070000.1717,1500000.0,2019-06-28T12:47:14.595000Z
1.13769,1.13771,1000000.0,4610000.1335,2019-06-28T12:47:15.294000Z
1.13768,1.13771,2250000.0,3109999.8951,2019-06-28T12:47:15.395000Z
1.13769,1.13771,1000000.0,6409999.8474,2019-06-28T12:47:15.981000Z
1.13768,1.13771,4500000.0,4909999.8474,2019-06-28T12:47:16.710000Z
1.13768,1.13771,4500000.0,5389999.8665,2019-06-28T12:47:16.812000Z
1.13769,1.13771,1000000.0,4260000.2289,2019-06-28T12:47:17.265000Z
1.13768,1.1377000000000002,2619999.8856,1000000.0,2019-06-28T12:47:17.406000Z
1.13768,1.13771,2250000.0,3109999.8951,2019-06-28T12:47:18.788000Z
1.13768,1.13771,2250000.0,2390000.1049,2019-06-28T12:47:19.354000Z
1.1377000000000002,1.13772,3000000.0,1600000.0238,2019-06-28T12:47:19.456000Z
1.13771,1.13773,1500000.0,4869999.8856,2019-06-28T12:47:19.507000Z
1.13772,1.13774,1000000.0,1120000.0048,2019-06-28T12:47:19.662000Z
1.13772,1.13774,1000000.0,1870000.0048,2019-06-28T12:47:19.765000Z
1.13772,1.13774,1000000.0,1120000.0048,2019-06-28T12:47:19.867000Z
1.13771,1.13773,1120000.0048,1500000.0,2019-06-28T12:47:20.229000Z
1.1377000000000002,1.13772,2250000.0,1049999.9523,2019-06-28T12:47:20.382000Z
1.13771,1.13772,1000000.0,1240000.0095,2019-06-28T12:47:20.587000Z
1.1377000000000002,1.13772,1500000.0,1240000.0095,2019-06-28T12:47:20.689000Z
1.1377000000000002,1.13772,1000000.0,2500000.0,2019-06-28T12:47:21.510000Z
1.1377000000000002,1.13773,2700000.0477,3369999.8856,2019-06-28T12:47:22.271000Z
1.1377000000000002,1.13773,7010000.2289,1000000.0,2019-06-28T12:47:22.395000Z
1.13773,1.13774,1000000.0,1000000.0,2019-06-28T12:47:22.550000Z
1.13772,1.13774,2140000.1049,1000000.0,2019-06-28T12:47:22.702000Z
1.13772,1.13774,2539999.9619,1000000.0,2019-06-28T12:47:22.956000Z
1.13772,1.13776,4909999.8474,8439999.5804,2019-06-28T12:47:23.512000Z
1.13774,1.1377700000000002,4690000.0572,1500000.0,2019-06-28T12:47:23.614000Z
1.13775,1.13778,1500000.0,1009999.9905,2019-06-28T12:47:23.666000Z
1.13776,1.1377700000000002,1000000.0,1000000.0,2019-06-28T12:47:23.810000Z
1.13776,1.13778,1500000.0,1000000.0,2019-06-28T12:47:23.913000Z
1.13775,1.13776,2700000.0477,1250000.0,2019-06-28T12:47:24.218000Z
1.13775,1.1377700000000002,1200000.0477,1000000.0,2019-06-28T12:47:24.320000Z
1.13776,1.13778,1000000.0,1250000.0,2019-06-28T12:47:24.467000Z
1.1377700000000002,1.1378000000000001,1500000.0,3859999.8951,2019-06-28T12:47:24.569000Z
1.13778,1.1378000000000001,1100000.0238,1500000.0,2019-06-28T12:47:24.722000Z
1.13778,1.13781,1100000.0238,2250000.0,2019-06-28T12:47:24.823000Z
1.13778,1.13782,1100000.0238,5440000.0572,2019-06-28T12:47:24.927000Z
1.13779,1.13781,1000000.0,1000000.0,2019-06-28T12:47:25.029000Z
1.13778,1.13781,1950000.0477,1000000.0,2019-06-28T12:47:25.443000Z
1.13778,1.13781,2720000.0286,1870000.0048,2019-06-28T12:47:26.257000Z
1.13779,1.13782,2440000.0572,1309999.9428,2019-06-28T12:47:26.409000Z
1.1378000000000001,1.13782,1500000.0,3000000.0,2019-06-28T12:47:26.511000Z
1.13779,1.13782,4010000.2289,4119999.8856,2019-06-28T12:47:26.716000Z
1.1378000000000001,1.13782,1000000.0,1870000.0048,2019-06-28T12:47:28.116000Z
1.13779,1.13782,2890000.1049,1870000.0048,2019-06-28T12:47:28.243000Z
1.1378000000000001,1.13782,1220000.0286,1870000.0048,2019-06-28T12:47:28.294000Z
1.13779,1.13782,4159999.8474,1870000.0048,2019-06-28T12:47:29.397000Z
1.13779,1.13782,2890000.1049,1870000.0048,2019-06-28T12:47:29.619000Z
1.1378000000000001,1.13783,1000000.0,7809999.9428,2019-06-28T12:47:30.124000Z
1.13779,1.13782,2809999.9428,1120000.0048,2019-06-28T12:47:30.228000Z
1.1378000000000001,1.13782,1000000.0,1799999.9523,2019-06-28T12:47:30.381000Z
1.13779,1.13782,2440000.0572,4550000.1907,2019-06-28T12:47:30.535000Z
1.13779,1.13782,1690000.0572,1799999.9523,2019-06-28T12:47:30.637000Z
1.1378000000000001,1.13782,1000000.0,3190000.0572,2019-06-28T12:47:31.216000Z
1.13778,1.13782,7760000.2289,4690000.0572,2019-06-28T12:47:31.318000Z
1.13779,1.13782,1000000.0,4690000.0572,2019-06-28T12:47:31.419000Z
1.13778,1.13782,8140000.3433,2440000.0572,2019-06-28T12:47:31.536000Z
1.13779,1.13782,1500000.0,3940000.0572,2019-06-28T12:47:31.638000Z
1.1378000000000001,1.13782,1000000.0,3000000.0,2019-06-28T12:47:33.126000Z
1.13779,1.13782,1690000.0572,2250000.0,2019-06-28T12:47:33.274000Z
1.1378000000000001,1.13782,1000000.0,3000000.0,2019-06-28T12:47:33.409000Z
1.13779,1.13782,1690000.0572,2250000.0,2019-06-28T12:47:33.565000Z
1.1378000000000001,1.13782,1000000.0,6750000.0,2019-06-28T12:47:34.158000Z
1.13779,1.13782,1250000.0,2500000.0,2019-06-28T12:47:34.430000Z
1.1378000000000001,1.13782,1000000.0,4000000.0,2019-06-28T12:47:36.278000Z
1.13779,1.13782,2440000.0572,3369999.8856,2019-06-28T12:47:37.263000Z
1.13779,1.13781,1690000.0572,1000000.0,2019-06-28T12:47:38.197000Z
1.13781,1.13783,1690000.0572,1570000.0525,2019-06-28T12:47:38.249000Z
1.13781,1.13784,5119999.8856,1570000.0525,2019-06-28T12:47:38.351000Z
1.13781,1.13786,7820000.1717,15260000.2289,2019-06-28T12:47:38.484000Z
1.13781,1.13785,8890000.3433,1250000.0,2019-06-28T12:47:43.050000Z
1.13782,1.13785,1000000.0,1809999.9428,2019-06-28T12:47:43.465000Z
1.13781,1.13784,3450000.0477,3190000.0572,2019-06-28T12:47:44.291000Z
1.13782,1.13784,1000000.0,3190000.0572,2019-06-28T12:47:44.987000Z
1.13782,1.13785,1000000.0,11739999.7711,2019-06-28T12:47:45.422000Z
1.13782,1.13784,1000000.0,1000000.0,2019-06-28T12:47:45.524000Z
1.13782,1.13785,1000000.0,11359999.6567,2019-06-28T12:47:45.770000Z
1.13781,1.13785,3190000.0572,10609999.6567,2019-06-28T12:47:45.929000Z
1.13781,1.13784,4690000.0572,1000000.0,2019-06-28T12:47:46.030000Z
1.13781,1.13785,3190000.0572,10010000.2289,2019-06-28T12:47:46.139000Z
1.13781,1.13785,1009999.9905,7909999.8474,2019-06-28T12:47:46.725000Z
1.13781,1.13785,1250000.0,8140000.3433,2019-06-28T12:47:46.828000Z
1.13781,1.13784,3640000.1049,1000000.0,2019-06-28T12:47:47.695000Z
1.13781,1.13785,1389999.9857,6750000.0,2019-06-28T12:47:47.855000Z
1.13781,1.13785,3069999.9332,8310000.4196,2019-06-28T12:47:48.030000Z
1.13781,1.13785,1389999.9857,4500000.0,2019-06-28T12:47:48.191000Z
1.13781,1.13785,3069999.9332,6059999.9428,2019-06-28T12:47:49.513000Z
1.13781,1.13785,1389999.9857,6000000.0,2019-06-28T12:47:50.483000Z
1.13781,1.13785,3069999.9332,5690000.0572,2019-06-28T12:47:51.062000Z
1.13781,1.13783,1759999.9905,1000000.0,2019-06-28T12:47:51.473000Z
1.1378000000000001,1.13783,1250000.0,3750000.0,2019-06-28T12:47:51.944000Z
1.1378000000000001,1.13782,1389999.9857,1000000.0,2019-06-28T12:47:52.046000Z
1.13779,1.13781,3490000.0095,1000000.0,2019-06-28T12:47:52.181000Z
1.13779,1.13782,1690000.0572,1690000.0572,2019-06-28T12:47:52.511000Z
1.13778,1.13781,9699999.8093,1000000.0,2019-06-28T12:47:52.613000Z
1.13778,1.13781,5360000.1335,2250000.0,2019-06-28T12:47:54.838000Z
1.13778,1.1378000000000001,3259999.9905,1690000.0572,2019-06-28T12:47:58.909000Z
1.1377700000000002,1.13778,1000000.0,1000000.0,2019-06-28T12:48:00.236000Z
1.13776,1.1378000000000001,5510000.2289,1690000.0572,2019-06-28T12:48:00.287000Z
1.1377700000000002,1.1378000000000001,1600000.0238,1690000.0572,2019-06-28T12:48:00.338000Z
1.13776,1.1378000000000001,5510000.2289,1690000.0572,2019-06-28T12:48:00.467000Z
1.13776,1.1378000000000001,6320000.1717,1250000.0,2019-06-28T12:48:00.518000Z
1.13779,1.13782,3000000.0,1250000.0,2019-06-28T12:48:00.620000Z
1.13779,1.13783,3700000.0477,5809999.9428,2019-06-28T12:48:00.721000Z
1.13779,1.13783,2140000.1049,5809999.9428,2019-06-28T12:48:00.773000Z
1.13779,1.13783,2890000.1049,4559999.9428,2019-06-28T12:48:00.925000Z
1.13779,1.13781,2319999.9332,1250000.0,2019-06-28T12:48:01.077000Z
1.13779,1.13781,1500000.0,1500000.0,2019-06-28T12:48:01.230000Z
1.13778,1.13781,1389999.9857,1500000.0,2019-06-28T12:48:01.332000Z
1.13778,1.13781,2140000.1049,2500000.0,2019-06-28T12:48:01.615000Z
1.13778,1.13781,1200000.0477,1690000.0572,2019-06-28T12:48:02.076000Z
1.13778,1.1378000000000001,2140000.1049,1000000.0,2019-06-28T12:48:06.110000Z
1.1377700000000002,1.13779,7010000.2289,1000000.0,2019-06-28T12:48:10.239000Z
1.1377700000000002,1.1378000000000001,2890000.1049,1100000.0238,2019-06-28T12:48:10.340000Z
1.1377700000000002,1.13779,1120000.0048,2250000.0,2019-06-28T12:48:13.427000Z
1.13776,1.1378000000000001,5940000.0572,3640000.1049,2019-06-28T12:48:14.409000Z
1.13776,1.13779,5940000.0572,1000000.0,2019-06-28T12:48:14.510000Z
1.13776,1.1378000000000001,5940000.0572,2509999.9905,2019-06-28T12:48:21.335000Z
1.13776,1.13779,6539999.9619,1000000.0,2019-06-28T12:48:22.762000Z
1.13776,1.1378000000000001,2789999.9619,5360000.1335,2019-06-28T12:48:22.968000Z
1.13776,1.13779,8789999.9619,1000000.0,2019-06-28T12:48:26.294000Z
1.1377700000000002,1.1378000000000001,1120000.0048,6039999.9619,2019-06-28T12:48:26.691000Z
1.13776,1.1378000000000001,3990000.0095,5760000.2289,2019-06-28T12:48:26.944000Z
1.13776,1.1378000000000001,5110000.1335,5289999.9619,2019-06-28T12:48:27.245000Z
1.13776,1.1378000000000001,2700000.0477,2720000.0286,2019-06-28T12:48:28.345000Z
1.13775,1.13778,3640000.1049,1870000.0048,2019-06-28T12:48:30.464000Z
1.13775,1.13778,4550000.1907,2250000.0,2019-06-28T12:48:30.668000Z
1.13776,1.13778,3619999.8856,1500000.0,2019-06-28T12:48:30.794000Z
1.1377700000000002,1.13779,1250000.0,1000000.0,2019-06-28T12:48:30.897000Z
1.1377700000000002,1.1378000000000001,1250000.0,8319999.6948,2019-06-28T12:48:30.999000Z
1.13776,1.13779,2140000.1049,1100000.0238,2019-06-28T12:48:31.659000Z
1.13774,1.1377700000000002,2890000.1049,1000000.0,2019-06-28T12:48:32.270000Z
1.13773,1.13776,2440000.0572,1570000.0525,2019-06-28T12:48:32.373000Z
1.13773,1.13775,1309999.9428,1000000.0,2019-06-28T12:48:32.510000Z
1.13772,1.13776,2869999.8856,3299999.9523,2019-06-28T12:48:32.663000Z
1.13773,1.13776,2940000.0572,3000000.0,2019-06-28T12:48:33.506000Z
1.13773,1.13776,1309999.9428,1000000.0,2019-06-28T12:48:35.659000Z
1.13773,1.13776,1750000.0,4500000.0,2019-06-28T12:48:36.264000Z
1.13772,1.13775,5059999.9428,1500000.0,2019-06-28T12:48:36.366000Z
1.13772,1.13774,1250000.0,1000000.0,2019-06-28T12:48:36.468000Z
1.13771,1.13775,2700000.0477,4409999.8474,2019-06-28T12:48:36.668000Z
1.13771,1.13775,1250000.0,2890000.1049,2019-06-28T12:48:37.001000Z
1.13771,1.13774,1250000.0,1000000.0,2019-06-28T12:48:37.360000Z
1.13771,1.13775,5440000.0572,6260000.2289,2019-06-28T12:48:38.131000Z
1.13771,1.13774,1250000.0,1000000.0,2019-06-28T12:48:40.837000Z
1.13771,1.13775,4690000.0572,8130000.1144,2019-06-28T12:48:40.991000Z
1.13771,1.13775,2869999.8856,6670000.0763,2019-06-28T12:48:41.094000Z
1.13772,1.13774,1690000.0572,1000000.0,2019-06-28T12:48:41.197000Z
1.13771,1.13774,1250000.0,1000000.0,2019-06-28T12:48:41.777000Z
1.1377000000000002,1.13773,4889999.8665,1200000.0477,2019-06-28T12:48:41.879000Z
1.1377000000000002,1.13774,2440000.0572,5659999.8474,2019-06-28T12:48:42.285000Z
1.13771,1.13773,1250000.0,1000000.0,2019-06-28T12:48:44.869000Z
1.13769,1.13772,6000000.0,1690000.0572,2019-06-28T12:48:46.067000Z
1.1377000000000002,1.13771,2059999.9428,1000000.0,2019-06-28T12:48:46.220000Z
1.1377000000000002,1.13772,2059999.9428,1250000.0,2019-06-28T12:48:46.372000Z
1.13771,1.13773,2500000.0,1100000.0238,2019-06-28T12:48:46.626000Z
1.13773,1.13775,1000000.0,1870000.0048,2019-06-28T12:48:46.732000Z
1.13773,1.13776,3759999.9905,3000000.0,2019-06-28T12:48:46.834000Z
1.1377700000000002,1.13778,1000000.0,2849999.9046,2019-06-28T12:48:46.885000Z
1.13778,1.1378000000000001,1000000.0,1000000.0,2019-06-28T12:48:47.088000Z
1.1377700000000002,1.1378000000000001,7389999.8665,1500000.0,2019-06-28T12:48:48.143000Z
1.1377700000000002,1.1378000000000001,8199999.8093,1690000.0572,2019-06-28T12:48:48.245000Z
1.13779,1.13781,1000000.0,1750000.0,2019-06-28T12:48:48.717000Z
1.13778,1.1378000000000001,5059999.9428,1250000.0,2019-06-28T12:48:48.845000Z
1.13778,1.1378000000000001,3789999.9619,1250000.0,2019-06-28T12:48:50.154000Z
1.13778,1.1378000000000001,2440000.0572,1250000.0,2019-06-28T12:48:50.256000Z
1.13778,1.13779,1000000.0,1000000.0,2019-06-28T12:48:55.920000Z
1.13778,1.1378000000000001,1000000.0,1690000.0572,2019-06-28T12:48:56.953000Z
1.13778,1.1378000000000001,2690000.0572,1500000.0,2019-06-28T12:48:59.410000Z
1.13778,1.1378000000000001,1500000.0,1500000.0,2019-06-28T12:48:59.512000Z
1.13778,1.1378000000000001,1500000.0,1870000.0048,2019-06-28T12:48:59.613000Z
1.13778,1.1378000000000001,1000000.0,1399999.9762,2019-06-28T12:49:00.323000Z
1.13778,1.13779,1000000.0,1000000.0,2019-06-28T12:49:00.588000Z
1.13778,1.13781,1000000.0,2059999.9428,2019-06-28T12:49:00.639000Z
1.13778,1.1378000000000001,1500000.0,1500000.0,2019-06-28T12:49:00.780000Z
1.13778,1.13781,1500000.0,7690000.0572,2019-06-28T12:49:01.221000Z
1.13778,1.13781,2369999.8856,2809999.9428,2019-06-28T12:49:01.857000Z
1.13778,1.1378000000000001,2619999.8856,1000000.0,2019-06-28T12:49:02.688000Z
1.13778,1.13781,2250000.0,7539999.9619,2019-06-28T12:49:02.840000Z
1.13778,1.1378000000000001,1000000.0,1000000.0,2019-06-28T12:49:03.248000Z
1.13778,1.13781,1000000.0,6789999.9619,2019-06-28T12:49:04.748000Z
1.13778,1.1378000000000001,1000000.0,3000000.0,2019-06-28T12:49:04.901000Z
1.13778,1.13781,1000000.0,4690000.0572,2019-06-28T12:49:05.027000Z
1.13778,1.1378000000000001,1000000.0,1000000.0,2019-06-28T12:49:07.418000Z
1.13776,1.13779,7940000.0572,3319999.9332,2019-06-28T12:49:08.068000Z
1.13774,1.13776,1870000.0048,1000000.0,2019-06-28T12:49:08.215000Z
1.13773,1.1377700000000002,1690000.0572,5289999.9619,2019-06-28T12:49:08.368000Z
1.13774,1.1377700000000002,1000000.0,6409999.8474,2019-06-28T12:49:08.623000Z
1.13773,1.1377700000000002,4309999.9428,4159999.8474,2019-06-28T12:49:08.725000Z
1.13774,1.1377700000000002,1000000.0,6789999.9619,2019-06-28T12:49:08.967000Z
1.13773,1.1377700000000002,3559999.9428,5289999.9619,2019-06-28T12:49:09.171000Z
1.13773,1.1377700000000002,3940000.0572,7010000.2289,2019-06-28T12:49:09.889000Z
1.13776,1.1377700000000002,2809999.9428,4869999.8856,2019-06-28T12:49:10.049000Z
1.13778,1.1378000000000001,1000000.0,1200000.0477,2019-06-28T12:49:10.151000Z
1.13778,1.1378000000000001,5869999.8856,1200000.0477,2019-06-28T12:49:10.253000Z
1.13778,1.1378000000000001,2250000.0,1000000.0,2019-06-28T12:49:10.713000Z
1.13778,1.13781,2500000.0,3450000.0477,2019-06-28T12:49:11.789000Z
1.13778,1.1378000000000001,4190000.0572,1000000.0,2019-06-28T12:49:11.982000Z
1.13778,1.1378000000000001,2440000.0572,1250000.0,2019-06-28T12:49:12.086000Z
1.13778,1.1378000000000001,2500000.0,1000000.0,2019-06-28T12:49:12.274000Z
1.13778,1.1378000000000001,2250000.0,1000000.0,2019-06-28T12:49:12.762000Z
1.13779,1.1378000000000001,1250000.0,1000000.0,2019-06-28T12:49:12.864000Z
1.13778,1.1378000000000001,2250000.0,1000000.0,2019-06-28T12:49:13.061000Z
1.13778,1.1378000000000001,2500000.0,1000000.0,2019-06-28T12:49:13.387000Z
1.13778,1.1378000000000001,3369999.8856,1250000.0,2019-06-28T12:49:13.590000Z
1.13778,1.1378000000000001,7190000.0572,3640000.1049,2019-06-28T12:49:13.843000Z
1.13778,1.1378000000000001,1250000.0,1389999.9857,2019-06-28T12:49:13.945000Z
1.13778,1.13779,1690000.0572,1000000.0,2019-06-28T12:49:17.190000Z
1.13778,1.13781,6000000.0,6199999.8093,2019-06-28T12:49:17.922000Z
1.13778,1.13781,2059999.9428,2700000.0477,2019-06-28T12:49:18.023000Z
1.1378000000000001,1.13782,1250000.0,1570000.0525,2019-06-28T12:49:18.916000Z
1.1378000000000001,1.13782,1000000.0,3039999.9619,2019-06-28T12:49:19.018000Z
1.13779,1.13781,3000000.0,1000000.0,2019-06-28T12:49:19.120000Z
1.13778,1.13781,9189999.5804,1000000.0,2019-06-28T12:49:19.252000Z
1.13778,1.13781,6010000.2289,1100000.0238,2019-06-28T12:49:19.429000Z
1.1378000000000001,1.13782,1000000.0,2700000.0477,2019-06-28T12:49:20.540000Z
1.1378000000000001,1.13782,1370000.0048,1500000.0,2019-06-28T12:49:20.643000Z
1.13779,1.13782,6070000.1717,1000000.0,2019-06-28T12:49:20.694000Z
1.1378000000000001,1.13782,1000000.0,1870000.0048,2019-06-28T12:49:21.596000Z
1.1378000000000001,1.13783,1000000.0,11720000.267,2019-06-28T12:49:21.799000Z
1.13779,1.13782,3000000.0,3390000.1049,2019-06-28T12:49:21.901000Z
1.13778,1.13782,2059999.9428,4889999.8665,2019-06-28T12:49:30.194000Z
1.1377700000000002,1.1378000000000001,9260000.2289,1500000.0,2019-06-28T12:49:30.575000Z
1.1377700000000002,1.13781,6940000.0572,2890000.1049,2019-06-28T12:49:30.677000Z
1.13778,1.13781,1500000.0,2140000.1049,2019-06-28T12:49:30.779000Z
1.1377700000000002,1.13781,8289999.9619,2359999.8951,2019-06-28T12:49:31.186000Z
1.13778,1.13781,1000000.0,4539999.9619,2019-06-28T12:49:31.574000Z
1.1377700000000002,1.13781,6190000.0572,1759999.9905,2019-06-28T12:49:32.570000Z
1.13776,1.13778,1850000.0238,1000000.0,2019-06-28T12:49:34.197000Z
1.13775,1.13778,1120000.0048,1570000.0525,2019-06-28T12:49:34.300000Z
1.13774,1.1377700000000002,4449999.8093,1000000.0,2019-06-28T12:49:34.555000Z
1.13774,1.13778,2869999.8856,2319999.9332,2019-06-28T12:49:35.022000Z
1.13775,1.1377700000000002,1309999.9428,1000000.0,2019-06-28T12:49:35.233000Z
1.13775,1.1377700000000002,3619999.8856,1000000.0,2019-06-28T12:49:35.386000Z
1.13774,1.13778,12140000.3433,1500000.0,2019-06-28T12:49:35.488000Z
1.13776,1.13778,1000000.0,1120000.0048,2019-06-28T12:49:35.590000Z
1.13775,1.13778,2440000.0572,1870000.0048,2019-06-28T12:49:35.692000Z
1.1377700000000002,1.13778,1000000.0,1000000.0,2019-06-28T12:49:35.947000Z
1.13778,1.1378000000000001,1000000.0,6820000.1717,2019-06-28T12:49:36.053000Z
1.13779,1.13781,1000000.0,3259999.9905,2019-06-28T12:49:36.105000Z
1.13779,1.13781,1000000.0,2720000.0286,2019-06-28T12:49:36.308000Z
1.13779,1.13781,1000000.0,1500000.0,2019-06-28T12:49:36.410000Z
1.13779,1.13782,1120000.0048,1759999.9905,2019-06-28T12:49:37.045000Z
1.1378000000000001,1.13782,1250000.0,2319999.9332,2019-06-28T12:49:37.146000Z
1.13778,1.13782,13989999.7711,1500000.0,2019-06-28T12:49:37.350000Z
1.13779,1.13783,3940000.0572,3259999.9905,2019-06-28T12:49:37.875000Z
1.13779,1.13783,9810000.4196,6820000.1717,2019-06-28T12:49:37.976000Z
1.13779,1.13783,6750000.0,4760000.2289,2019-06-28T12:49:38.281000Z
1.1378000000000001,1.13783,1000000.0,4760000.2289,2019-06-28T12:49:38.603000Z
1.13779,1.13782,4309999.9428,1000000.0,2019-06-28T12:49:38.705000Z
1.1378000000000001,1.13782,1000000.0,1000000.0,2019-06-28T12:49:38.809000Z
1.13779,1.13782,2059999.9428,1000000.0,2019-06-28T12:49:38.910000Z
1.1378000000000001,1.13782,1000000.0,2319999.9332,2019-06-28T12:49:41.474000Z
1.13779,1.13782,1759999.9905,1570000.0525,2019-06-28T12:49:41.615000Z
1.13781,1.13784,1500000.0,8890000.3433,2019-06-28T12:49:43.098000Z
1.1378000000000001,1.13782,3250000.0,1000000.0,2019-06-28T12:49:43.200000Z
1.13779,1.13784,10289999.9619,5469999.7902,2019-06-28T12:49:43.474000Z
1.1378000000000001,1.13784,1250000.0,4570000.1717,2019-06-28T12:49:45.261000Z
1.1378000000000001,1.13783,1750000.0,1000000.0,2019-06-28T12:49:45.363000Z
1.1378000000000001,1.13784,1250000.0,4199999.8093,2019-06-28T12:49:45.465000Z
1.13782,1.13784,1000000.0,1570000.0525,2019-06-28T12:49:45.719000Z
1.13781,1.13785,4690000.0572,2140000.1049,2019-06-28T12:49:45.835000Z
1.13782,1.13785,4820000.1717,2440000.0572,2019-06-28T12:49:45.937000Z
1.13781,1.13785,9920000.0763,4000000.0,2019-06-28T12:49:46.501000Z
1.1378000000000001,1.13783,7940000.0572,1000000.0,2019-06-28T12:49:46.627000Z
1.13782,1.13785,1250000.0,1950000.0477,2019-06-28T12:49:46.729000Z
1.13783,1.13786,1940000.0572,1000000.0,2019-06-28T12:49:47.034000Z
1.13782,1.13785,1500000.0,3559999.9428,2019-06-28T12:49:49.100000Z
1.13782,1.13785,1690000.0572,5449999.8093,2019-06-28T12:49:49.202000Z
1.13781,1.13783,1000000.0,1100000.0238,2019-06-28T12:49:49.807000Z
1.13781,1.13784,1000000.0,4500000.0,2019-06-28T12:49:49.909000Z
1.13781,1.13782,1250000.0,1000000.0,2019-06-28T12:49:50.690000Z
1.13779,1.13783,2200000.0477,2250000.0,2019-06-28T12:49:50.792000Z
1.13779,1.13783,1820000.0525,3099999.9046,2019-06-28T12:49:50.893000Z
1.13779,1.13783,2420000.0763,3220000.0286,2019-06-28T12:49:51.358000Z
1.13779,1.13782,6849999.9046,1000000.0,2019-06-28T12:49:51.585000Z
1.13779,1.13783,2349999.9046,3299999.9523,2019-06-28T12:49:52.075000Z
1.1378000000000001,1.13782,2500000.0,1000000.0,2019-06-28T12:49:53.569000Z
1.1378000000000001,1.13784,2119999.8856,3069999.9332,2019-06-28T12:49:53.671000Z
1.1378000000000001,1.13783,2250000.0,1000000.0,2019-06-28T12:49:53.912000Z
1.1378000000000001,1.13784,1370000.0048,1100000.0238,2019-06-28T12:49:54.014000Z
1.1378000000000001,1.13783,3619999.8856,1000000.0,2019-06-28T12:49:56.301000Z
1.13782,1.13784,1000000.0,2250000.0,2019-06-28T12:49:57.501000Z
1.13782,1.13785,2809999.9428,1000000.0,2019-06-28T12:49:57.687000Z
1.13783,1.13785,1250000.0,1500000.0,2019-06-28T12:49:57.739000Z
1.13782,1.13786,4639999.8665,3369999.8856,2019-06-28T12:49:57.994000Z
1.13785,1.13786,1250000.0,1500000.0,2019-06-28T12:49:58.518000Z
1.13784,1.13786,1250000.0,2250000.0,2019-06-28T12:49:58.672000Z
1.13785,1.13786,1000000.0,1000000.0,2019-06-28T12:50:00.225000Z
1.13785,1.1378700000000002,1250000.0,3299999.9523,2019-06-28T12:50:00.338000Z
1.13785,1.13788,1250000.0,7800000.1907,2019-06-28T12:50:01.879000Z
1.1378700000000002,1.13788,2319999.9332,1000000.0,2019-06-28T12:50:01.981000Z
1.1378700000000002,1.1379000000000001,1350000.0238,4949999.8093,2019-06-28T12:50:02.032000Z
1.1378700000000002,1.13789,1820000.0525,1000000.0,2019-06-28T12:50:02.370000Z
1.13789,1.1379100000000002,1000000.0,4949999.8093,2019-06-28T12:50:04.047000Z
1.13789,1.1379100000000002,1000000.0,1100000.0238,2019-06-28T12:50:04.149000Z
1.13789,1.13792,4000000.0,5909999.8474,2019-06-28T12:50:04.251000Z
1.13789,1.13792,2119999.8856,1250000.0,2019-06-28T12:50:04.353000Z
1.13788,1.13792,2369999.8856,2170000.0763,2019-06-28T12:50:05.457000Z
1.13786,1.13788,6820000.1717,2500000.0,2019-06-28T12:50:05.559000Z
1.13785,1.1378700000000002,2809999.9428,1000000.0,2019-06-28T12:50:05.610000Z
1.13785,1.13788,1690000.0572,5250000.0,2019-06-28T12:50:05.763000Z
1.13784,1.1378700000000002,4820000.1717,1000000.0,2019-06-28T12:50:06.227000Z
1.13785,1.13788,1690000.0572,2619999.8856,2019-06-28T12:50:06.330000Z
1.1378700000000002,1.13789,1000000.0,2569999.9332,2019-06-28T12:50:06.381000Z
1.1378700000000002,1.1379000000000001,2200000.0477,2440000.0572,2019-06-28T12:50:06.433000Z
1.1379000000000001,1.1379100000000002,1000000.0,1950000.0477,2019-06-28T12:50:07.746000Z
1.1379100000000002,1.1379299999999999,1000000.0,4500000.0,2019-06-28T12:50:07.848000Z
1.1379100000000002,1.13794,1000000.0,8140000.3433,2019-06-28T12:50:07.950000Z
1.1379100000000002,1.1379299999999999,1000000.0,2250000.0,2019-06-28T12:50:08.285000Z
1.1379100000000002,1.13794,1000000.0,8140000.3433,2019-06-28T12:50:08.388000Z
1.1379100000000002,1.1379299999999999,1000000.0,1000000.0,2019-06-28T12:50:08.987000Z
1.1379100000000002,1.1379299999999999,1370000.0048,1500000.0,2019-06-28T12:50:09.659000Z
1.13792,1.13794,1250000.0,1690000.0572,2019-06-28T12:50:09.763000Z
1.13792,1.13795,3190000.0572,3000000.0,2019-06-28T12:50:09.865000Z
1.13792,1.13794,3190000.0572,1000000.0,2019-06-28T12:50:09.968000Z
1.13792,1.13795,1690000.0572,2250000.0,2019-06-28T12:50:10.108000Z
1.13792,1.13795,2910000.0858,2250000.0,2019-06-28T12:50:10.438000Z
1.13792,1.13794,3660000.0858,1000000.0,2019-06-28T12:50:10.540000Z
1.13792,1.13795,2910000.0858,2250000.0,2019-06-28T12:50:10.642000Z
1.13792,1.13795,3559999.9428,2250000.0,2019-06-28T12:50:10.744000Z
1.13792,1.13795,5539999.9619,2250000.0,2019-06-28T12:50:10.845000Z
1.13792,1.13795,2619999.8856,1870000.0048,2019-06-28T12:50:11.172000Z
1.13792,1.13794,1500000.0,1000000.0,2019-06-28T12:50:11.871000Z
1.13792,1.13795,1000000.0,3259999.9905,2019-06-28T12:50:11.999000Z
1.1379100000000002,1.13795,3640000.1049,3039999.9619,2019-06-28T12:50:12.203000Z
1.1379100000000002,1.1379299999999999,1950000.0477,1120000.0048,2019-06-28T12:50:12.306000Z
1.1379100000000002,1.13794,1120000.0048,5510000.2289,2019-06-28T12:50:12.459000Z
1.1379100000000002,1.1379299999999999,1309999.9428,1000000.0,2019-06-28T12:50:12.728000Z
1.1379100000000002,1.13794,1120000.0048,5889999.8665,2019-06-28T12:50:12.964000Z
1.13792,1.13795,2440000.0572,3000000.0,2019-06-28T12:50:13.066000Z
1.13792,1.13795,2200000.0477,1000000.0,2019-06-28T12:50:13.169000Z
1.13794,1.13796,1000000.0,3819999.9332,2019-06-28T12:50:13.294000Z
1.1379299999999999,1.13795,1000000.0,1000000.0,2019-06-28T12:50:13.400000Z
1.1379299999999999,1.13796,1000000.0,3940000.0572,2019-06-28T12:50:13.502000Z
1.1379299999999999,1.13795,1000000.0,1000000.0,2019-06-28T12:50:14.315000Z
1.1379299999999999,1.13796,1000000.0,3789999.9619,2019-06-28T12:50:14.640000Z
1.1379299999999999,1.13795,1000000.0,1000000.0,2019-06-28T12:50:14.844000Z
1.1379299999999999,1.13796,1000000.0,6190000.0572,2019-06-28T12:50:15.261000Z
1.13792,1.13796,2140000.1049,3190000.0572,2019-06-28T12:50:17.013000Z
1.1379299999999999,1.13796,1000000.0,3940000.0572,2019-06-28T12:50:17.115000Z
1.13794,1.13796,1000000.0,3940000.0572,2019-06-28T12:50:17.921000Z
1.13794,1.13798,1690000.0572,8140000.3433,2019-06-28T12:50:18.024000Z
1.1379299999999999,1.1379700000000001,10390000.3433,1250000.0,2019-06-28T12:50:18.126000Z
1.13795,1.1379700000000001,1250000.0,1000000.0,2019-06-28T12:50:18.177000Z
1.13795,1.13798,1250000.0,3259999.9905,2019-06-28T12:50:18.339000Z
1.13795,1.1379700000000001,1250000.0,1120000.0048,2019-06-28T12:50:20.215000Z
1.13796,1.1379700000000001,1000000.0,1120000.0048,2019-06-28T12:50:20.522000Z
1.13794,1.1379700000000001,4369999.8856,1690000.0572,2019-06-28T12:50:20.776000Z
1.1379299999999999,1.13795,4760000.2289,1000000.0,2019-06-28T12:50:20.889000Z
1.13792,1.13794,1500000.0,1000000.0,2019-06-28T12:50:20.940000Z
1.13792,1.1379299999999999,1500000.0,1500000.0,2019-06-28T12:50:21.042000Z
1.1379100000000002,1.13794,3190000.0572,2700000.0477,2019-06-28T12:50:21.144000Z
1.13792,1.13795,1690000.0572,3420000.0763,2019-06-28T12:50:21.566000Z
1.13792,1.13796,4099999.9046,2700000.0477,2019-06-28T12:50:21.668000Z
1.1379299999999999,1.13796,2009999.9905,1870000.0048,2019-06-28T12:50:22.929000Z
1.13794,1.1379700000000001,3940000.0572,1000000.0,2019-06-28T12:50:24.684000Z
1.13796,1.13798,1250000.0,1250000.0,2019-06-28T12:50:24.787000Z
1.1379700000000001,1.13799,1250000.0,4869999.8856,2019-06-28T12:50:24.889000Z
1.13796,1.13798,2500000.0,1000000.0,2019-06-28T12:50:25.216000Z
1.13796,1.13798,2440000.0572,1000000.0,2019-06-28T12:50:26.679000Z
1.1379700000000001,1.13798,1000000.0,1000000.0,2019-06-28T12:50:27.168000Z
1.13796,1.13798,2509999.9905,1000000.0,2019-06-28T12:50:27.540000Z
1.13796,1.13798,2759999.9905,1000000.0,2019-06-28T12:50:27.649000Z
1.1379700000000001,1.13799,3259999.9905,1500000.0,2019-06-28T12:50:27.953000Z
1.1379700000000001,1.13798,1250000.0,1000000.0,2019-06-28T12:50:28.055000Z
1.1379700000000001,1.13799,3190000.0572,1500000.0,2019-06-28T12:50:28.208000Z
1.1379700000000001,1.13798,1250000.0,1000000.0,2019-06-28T12:50:29.410000Z
1.13798,1.1380000000000001,3289999.9619,1500000.0,2019-06-28T12:50:29.743000Z
1.13802,1.1380299999999999,1000000.0,1500000.0,2019-06-28T12:50:29.845000Z
1.1380000000000001,1.1380299999999999,5449999.8093,1120000.0048,2019-06-28T12:50:29.948000Z
1.1380299999999999,1.13805,2569999.9332,1120000.0048,2019-06-28T12:50:30.090000Z
1.1380299999999999,1.13806,1350000.0238,5190000.0572,2019-06-28T12:50:30.192000Z
1.13804,1.13806,1000000.0,5190000.0572,2019-06-28T12:50:30.346000Z
1.1380299999999999,1.13806,2099999.9046,5190000.0572,2019-06-28T12:50:30.448000Z
1.1380299999999999,1.13806,1500000.0,4119999.8856,2019-06-28T12:50:31.327000Z
1.13804,1.13806,1500000.0,3190000.0572,2019-06-28T12:50:31.633000Z
1.13804,1.13806,1000000.0,4000000.0,2019-06-28T12:50:31.736000Z
1.13804,1.13806,1000000.0,3190000.0572,2019-06-28T12:50:31.838000Z
1.13804,1.13806,1000000.0,4000000.0,2019-06-28T12:50:32.152000Z
1.13804,1.13806,1000000.0,3190000.0572,2019-06-28T12:50:32.272000Z
1.1380299999999999,1.13806,2059999.9428,3190000.0572,2019-06-28T12:50:32.821000Z
1.13804,1.13806,1000000.0,2440000.0572,2019-06-28T12:50:32.933000Z
1.13802,1.13806,3450000.0477,3000000.0,2019-06-28T12:50:33.318000Z
1.1380100000000002,1.13802,3069999.9332,1000000.0,2019-06-28T12:50:33.420000Z
1.13799,1.1380100000000002,1690000.0572,1000000.0,2019-06-28T12:50:33.522000Z
1.13798,1.1380000000000001,1000000.0,1000000.0,2019-06-28T12:50:33.624000Z
1.13799,1.1380100000000002,1000000.0,4239999.7711,2019-06-28T12:50:33.725000Z
1.13798,1.1380000000000001,1000000.0,1000000.0,2019-06-28T12:50:33.776000Z
1.13798,1.13802,1250000.0,10239999.7711,2019-06-28T12:50:33.924000Z
1.13798,1.13802,1389999.9857,10260000.2289,2019-06-28T12:50:34.026000Z
1.1380000000000001,1.1380100000000002,2250000.0,2619999.8856,2019-06-28T12:50:34.695000Z
1.1380000000000001,1.13802,2250000.0,4119999.8856,2019-06-28T12:50:34.845000Z
1.13799,1.13802,2509999.9905,4199999.8093,2019-06-28T12:50:34.998000Z
1.1380000000000001,1.13802,1000000.0,2619999.8856,2019-06-28T12:50:35.099000Z
1.1380000000000001,1.1380100000000002,1000000.0,1000000.0,2019-06-28T12:50:35.201000Z
1.1380000000000001,1.13802,1000000.0,3000000.0,2019-06-28T12:50:35.473000Z
1.1380100000000002,1.1380299999999999,1000000.0,4349999.9046,2019-06-28T12:50:35.770000Z
1.1380299999999999,1.13804,1000000.0,1120000.0048,2019-06-28T12:50:35.872000Z
1.13802,1.13804,1500000.0,1120000.0048,2019-06-28T12:50:36.025000Z
1.1380100000000002,1.13804,2440000.0572,1870000.0048,2019-06-28T12:50:36.127000Z
1.13802,1.13804,1000000.0,2059999.9428,2019-06-28T12:50:36.279000Z
1.1380299999999999,1.13805,1000000.0,2750000.0,2019-06-28T12:50:37.036000Z
1.1380299999999999,1.13805,1100000.0238,1500000.0,2019-06-28T12:50:37.449000Z
1.13802,1.13806,5199999.8093,3750000.0,2019-06-28T12:50:38.077000Z
1.1380299999999999,1.13805,3450000.0477,1000000.0,2019-06-28T12:50:38.179000Z
1.1380299999999999,1.13806,1250000.0,2250000.0,2019-06-28T12:50:38.690000Z
1.1380299999999999,1.13805,1250000.0,1000000.0,2019-06-28T12:50:39.115000Z
1.1380299999999999,1.13806,2440000.0572,2250000.0,2019-06-28T12:50:39.469000Z
1.13804,1.1380700000000001,1100000.0238,3640000.1049,2019-06-28T12:50:39.724000Z
1.13806,1.1380700000000001,1000000.0,2250000.0,2019-06-28T12:50:39.826000Z
1.1380700000000001,1.13808,1500000.0,1100000.0238,2019-06-28T12:50:39.878000Z
1.13806,1.1381100000000002,10859999.6567,7139999.8665,2019-06-28T12:50:40.036000Z
1.1380700000000001,1.13808,2099999.9046,2250000.0,2019-06-28T12:50:40.340000Z
1.13805,1.1380700000000001,1100000.0238,2250000.0,2019-06-28T12:50:40.443000Z
1.13804,1.13805,2319999.9332,1000000.0,2019-06-28T12:50:40.494000Z
1.1380299999999999,1.13805,3000000.0,1000000.0,2019-06-28T12:50:40.598000Z
1.1380100000000002,1.13805,5010000.2289,6500000.0,2019-06-28T12:50:40.699000Z
1.1380100000000002,1.13805,4940000.0572,7570000.1717,2019-06-28T12:50:41.345000Z
1.13802,1.13804,1120000.0048,1250000.0,2019-06-28T12:50:41.446000Z
1.1380299999999999,1.13804,1000000.0,1250000.0,2019-06-28T12:50:42.250000Z
1.13805,1.13806,1000000.0,1100000.0238,2019-06-28T12:50:42.301000Z
1.13804,1.1380700000000001,1940000.0572,4389999.8665,2019-06-28T12:50:42.418000Z
1.1380299999999999,1.13806,4389999.8665,1000000.0,2019-06-28T12:50:46.246000Z
1.1380299999999999,1.13806,7159999.8474,1000000.0,2019-06-28T12:50:46.554000Z
1.1380299999999999,1.13806,8699999.8093,1000000.0,2019-06-28T12:50:46.684000Z
1.13804,1.13806,1000000.0,1000000.0,2019-06-28T12:50:47.216000Z
1.1380299999999999,1.13806,4389999.8665,1000000.0,2019-06-28T12:50:47.752000Z
1.13804,1.13806,1000000.0,1120000.0048,2019-06-28T12:50:48.110000Z
1.13804,1.1380700000000001,1000000.0,4159999.8474,2019-06-28T12:50:52.574000Z
1.1380700000000001,1.13808,1000000.0,1870000.0048,2019-06-28T12:50:55.070000Z
1.1380700000000001,1.13809,1000000.0,3750000.0,2019-06-28T12:50:55.172000Z
1.13806,1.13809,3369999.8856,3000000.0,2019-06-28T12:50:55.325000Z
1.1380700000000001,1.13809,1000000.0,2250000.0,2019-06-28T12:50:55.741000Z
1.13806,1.13809,3369999.8856,2250000.0,2019-06-28T12:50:55.843000Z
1.1380700000000001,1.13809,1500000.0,1500000.0,2019-06-28T12:50:56.046000Z
1.13806,1.1381000000000001,13699999.8093,4869999.8856,2019-06-28T12:50:56.207000Z
1.13808,1.1381000000000001,1000000.0,2250000.0,2019-06-28T12:50:57.445000Z
1.1380700000000001,1.1381000000000001,1250000.0,2250000.0,2019-06-28T12:50:57.908000Z
1.13806,1.13809,7820000.1717,1000000.0,2019-06-28T12:50:58.158000Z
1.13806,1.13809,5510000.2289,1500000.0,2019-06-28T12:50:59.337000Z
1.1380700000000001,1.13809,1000000.0,1000000.0,2019-06-28T12:50:59.994000Z
1.13806,1.13809,2890000.1049,1500000.0,2019-06-28T12:51:00.147000Z
1.13809,1.1381000000000001,2099999.9046,5250000.0,2019-06-28T12:51:00.299000Z
1.1381000000000001,1.13812,1500000.0,1500000.0,2019-06-28T12:51:00.434000Z
1.13809,1.1381100000000002,1500000.0,1120000.0048,2019-06-28T12:51:00.538000Z
1.13808,1.13812,5159999.8474,3640000.1049,2019-06-28T12:51:00.743000Z
1.13808,1.1381100000000002,1250000.0,1500000.0,2019-06-28T12:51:01.151000Z
1.13808,1.1381100000000002,1690000.0572,1620000.0048,2019-06-28T12:51:01.534000Z
1.1380700000000001,1.1381100000000002,1610000.0143,2559999.9428,2019-06-28T12:51:04.619000Z
1.13806,1.13808,1970000.0286,2250000.0,2019-06-28T12:51:04.670000Z
1.13804,1.13806,1389999.9857,1870000.0048,2019-06-28T12:51:04.772000Z
1.13804,1.13808,2440000.0572,9859999.6567,2019-06-28T12:51:04.976000Z
1.13804,1.1380700000000001,1759999.9905,1350000.0238,2019-06-28T12:51:05.077000Z
1.13808,1.13809,1000000.0,4570000.1717,2019-06-28T12:51:05.863000Z
1.13809,1.1381100000000002,1690000.0572,1000000.0,2019-06-28T12:51:06.016000Z
1.1381000000000001,1.13812,1500000.0,2250000.0,2019-06-28T12:51:06.119000Z
1.1381000000000001,1.1381100000000002,1500000.0,1000000.0,2019-06-28T12:51:06.575000Z
1.1381000000000001,1.13812,1500000.0,2250000.0,2019-06-28T12:51:07.253000Z
1.1381000000000001,1.1381100000000002,1000000.0,1000000.0,2019-06-28T12:51:07.524000Z
1.13808,1.13812,7300000.1907,3000000.0,2019-06-28T12:51:07.935000Z
1.13808,1.1381100000000002,3259999.9905,1000000.0,2019-06-28T12:51:08.037000Z
1.13808,1.13812,1759999.9905,6190000.0572,2019-06-28T12:51:08.139000Z
1.13808,1.13812,2140000.1049,8539999.9619,2019-06-28T12:51:08.568000Z
1.13808,1.1381000000000001,1389999.9857,1500000.0,2019-06-28T12:51:11.952000Z
1.13804,1.13806,1200000.0477,1500000.0,2019-06-28T12:51:12.054000Z
1.1380299999999999,1.13806,1950000.0477,1250000.0,2019-06-28T12:51:12.157000Z
1.13802,1.13805,5639999.8665,1000000.0,2019-06-28T12:51:12.463000Z
1.1380299999999999,1.13806,1000000.0,2809999.9428,2019-06-28T12:51:12.614000Z
1.13802,1.13806,2539999.9619,6699999.8093,2019-06-28T12:51:13.275000Z
1.1380100000000002,1.13804,4820000.1717,1250000.0,2019-06-28T12:51:13.428000Z
1.1380100000000002,1.13804,1500000.0,1250000.0,2019-06-28T12:51:13.607000Z
1.1380000000000001,1.13804,9069999.6948,1870000.0048,2019-06-28T12:51:14.269000Z
1.1380000000000001,1.13804,5070000.1717,1870000.0048,2019-06-28T12:51:14.535000Z
1.1380000000000001,1.1380299999999999,4010000.2289,1000000.0,2019-06-28T12:51:15.477000Z
1.1380000000000001,1.1380299999999999,3940000.0572,1500000.0,2019-06-28T12:51:15.579000Z
1.1380000000000001,1.13804,1009999.9905,2190000.0572,2019-06-28T12:51:15.682000Z
1.13799,1.13804,7099999.9046,2440000.0572,2019-06-28T12:51:15.784000Z
1.1380000000000001,1.1380299999999999,1690000.0572,1500000.0,2019-06-28T12:51:16.137000Z
1.13799,1.1380299999999999,7449999.8093,1000000.0,2019-06-28T12:51:16.641000Z
1.13799,1.13802,1409999.9666,3750000.0,2019-06-28T12:51:17.211000Z
1.1379700000000001,1.1380000000000001,1389999.9857,3000000.0,2019-06-28T12:51:17.334000Z
1.13798,1.1380000000000001,1000000.0,1500000.0,2019-06-28T12:51:18.287000Z
1.13798,1.1380100000000002,2500000.0,1200000.0477,2019-06-28T12:51:18.783000Z
1.1380000000000001,1.1380100000000002,1000000.0,1000000.0,2019-06-28T12:51:21.215000Z
1.13799,1.1380299999999999,1250000.0,8449999.8093,2019-06-28T12:51:21.548000Z
1.1380000000000001,1.1380299999999999,3190000.0572,5619999.8856,2019-06-28T12:51:22.908000Z
1.13802,1.1380299999999999,1000000.0,1500000.0,2019-06-28T12:51:23.664000Z
1.1380100000000002,1.13804,2250000.0,1309999.9428,2019-06-28T12:51:23.766000Z
1.1380000000000001,1.13804,3859999.8951,1309999.9428,2019-06-28T12:51:23.868000Z
1.1380000000000001,1.13802,1000000.0,1750000.0,2019-06-28T12:51:26.014000Z
1.13799,1.1380299999999999,2440000.0572,7820000.1717,2019-06-28T12:51:26.117000Z
1.13799,1.13802,2500000.0,2250000.0,2019-06-28T12:51:26.386000Z
1.13799,1.1380299999999999,1750000.0,6820000.1717,2019-06-28T12:51:26.493000Z
1.1380000000000001,1.13804,3940000.0572,7989999.7711,2019-06-28T12:51:26.646000Z
1.1380000000000001,1.13804,2500000.0,6670000.0763,2019-06-28T12:51:26.749000Z
1.1380000000000001,1.1380299999999999,4750000.0,1000000.0,2019-06-28T12:51:27.037000Z
1.1380000000000001,1.1380299999999999,4010000.2289,1000000.0,2019-06-28T12:51:27.693000Z
1.1380000000000001,1.13804,4010000.2289,7539999.9619,2019-06-28T12:51:28.037000Z
1.1380100000000002,1.13804,1000000.0,4539999.9619,2019-06-28T12:51:28.263000Z
1.1380100000000002,1.1380299999999999,1000000.0,1000000.0,2019-06-28T12:51:28.366000Z
1.1380100000000002,1.13804,1000000.0,4539999.9619,2019-06-28T12:51:28.467000Z
1.1380100000000002,1.1380299999999999,1250000.0,1000000.0,2019-06-28T12:51:29.189000Z
1.1380100000000002,1.13804,1250000.0,4420000.0763,2019-06-28T12:51:29.749000Z
1.1380100000000002,1.1380299999999999,2440000.0572,1000000.0,2019-06-28T12:51:30.670000Z
1.1380100000000002,1.13804,3190000.0572,6750000.0,2019-06-28T12:51:30.777000Z
1.1380000000000001,1.13804,4659999.8474,6949999.8093,2019-06-28T12:51:30.878000Z
1.1380000000000001,1.13804,1250000.0,7570000.1717,2019-06-28T12:51:33.259000Z
1.1380000000000001,1.13802,2250000.0,1000000.0,2019-06-28T12:51:33.822000Z
1.1380000000000001,1.1380299999999999,1500000.0,2809999.9428,2019-06-28T12:51:35.348000Z
1.1380000000000001,1.13802,2250000.0,1000000.0,2019-06-28T12:51:35.450000Z
1.13799,1.1380299999999999,8140000.3433,7969999.7902,2019-06-28T12:51:36.944000Z
1.13798,1.1380000000000001,1000000.0,2059999.9428,2019-06-28T12:51:37.167000Z
1.1379700000000001,1.13799,1000000.0,1120000.0048,2019-06-28T12:51:37.270000Z
1.13796,1.13799,2440000.0572,2619999.8856,2019-06-28T12:51:37.372000Z
1.13795,1.13799,8140000.3433,2440000.0572,2019-06-28T12:51:38.544000Z
1.13794,1.1379700000000001,2440000.0572,1250000.0,2019-06-28T12:51:38.646000Z
1.13795,1.1379700000000001,1000000.0,1250000.0,2019-06-28T12:51:38.758000Z
1.13796,1.13798,2250000.0,1000000.0,2019-06-28T12:51:40.179000Z
1.13795,1.13798,1250000.0,3750000.0,2019-06-28T12:51:40.433000Z
1.13796,1.13798,3750000.0,1000000.0,2019-06-28T12:51:40.688000Z
1.13796,1.1380000000000001,2500000.0,6820000.1717,2019-06-28T12:51:40.789000Z
1.13798,1.1380000000000001,1500000.0,4119999.8856,2019-06-28T12:51:40.891000Z
1.13799,1.1380000000000001,1000000.0,1500000.0,2019-06-28T12:51:41.494000Z
1.13796,1.13798,1000000.0,2890000.1049,2019-06-28T12:51:42.278000Z
1.13794,1.1379700000000001,1000000.0,4690000.0572,2019-06-28T12:51:42.380000Z
1.13796,1.1379700000000001,1000000.0,1120000.0048,2019-06-28T12:51:42.483000Z
1.1379700000000001,1.13798,1120000.0048,1120000.0048,2019-06-28T12:51:42.637000Z
1.13798,1.1380000000000001,1000000.0,5320000.1717,2019-06-28T12:51:42.798000Z
1.13798,1.1380100000000002,1500000.0,2440000.0572,2019-06-28T12:51:42.900000Z
1.13799,1.1380100000000002,1000000.0,3940000.0572,2019-06-28T12:51:43.612000Z
1.13799,1.1380100000000002,3250000.0,1000000.0,2019-06-28T12:51:45.455000Z
1.1380000000000001,1.1380299999999999,1690000.0572,4199999.8093,2019-06-28T12:51:45.559000Z
1.13802,1.1380299999999999,1000000.0,1000000.0,2019-06-28T12:51:45.611000Z
1.13802,1.13805,1000000.0,4440000.0572,2019-06-28T12:51:45.745000Z
1.13802,1.1380299999999999,1000000.0,1000000.0,2019-06-28T12:51:45.897000Z
1.1380100000000002,1.13804,5440000.0572,2000000.0,2019-06-28T12:51:45.999000Z
1.13799,1.13802,4690000.0572,1120000.0048,2019-06-28T12:51:48.462000Z
1.1380000000000001,1.13802,1000000.0,1870000.0048,2019-06-28T12:51:50.828000Z
1.13799,1.13802,3190000.0572,1870000.0048,2019-06-28T12:51:51.766000Z
1.1380100000000002,1.1380299999999999,2250000.0,6010000.2289,2019-06-28T12:51:58.127000Z
1.1380000000000001,1.13804,9319999.6948,2000000.0,2019-06-28T12:51:58.232000Z
1.1380000000000001,1.13802,8699999.8093,1000000.0,2019-06-28T12:51:58.714000Z
1.1380100000000002,1.1380299999999999,3000000.0,1500000.0,2019-06-28T12:51:58.765000Z
1.13799,1.13802,5250000.0,1690000.0572,2019-06-28T12:51:58.867000Z
1.1380000000000001,1.1380299999999999,1250000.0,2720000.0286,2019-06-28T12:51:59.020000Z
1.13799,1.13802,3190000.0572,2250000.0,2019-06-28T12:52:00.290000Z
1.13799,1.1380100000000002,3039999.9619,1000000.0,2019-06-28T12:52:02.062000Z
1.1380000000000001,1.13802,2809999.9428,1000000.0,2019-06-28T12:52:02.172000Z
1.1380000000000001,1.1380299999999999,1120000.0048,3000000.0,2019-06-28T12:52:02.273000Z
1.1380000000000001,1.13802,2440000.0572,1690000.0572,2019-06-28T12:52:02.376000Z
1.1380000000000001,1.13802,1250000.0,2190000.0572,2019-06-28T12:52:04.042000Z
1.13799,1.13802,2250000.0,2940000.0572,2019-06-28T12:52:10.176000Z
1.13798,1.1380000000000001,3000000.0,1500000.0,2019-06-28T12:52:11.970000Z
1.13798,1.1380000000000001,1000000.0,2000000.0,2019-06-28T12:52:12.123000Z
1.13798,1.1380000000000001,1000000.0,1500000.0,2019-06-28T12:52:12.224000Z
1.13798,1.1380000000000001,1000000.0,3690000.0572,2019-06-28T12:52:14.050000Z
1.1379700000000001,1.1380000000000001,1350000.0238,3690000.0572,2019-06-28T12:52:14.828000Z
1.13796,1.13799,1000000.0,5440000.0572,2019-06-28T12:52:18.130000Z
1.13795,1.1379700000000001,5510000.2289,1000000.0,2019-06-28T12:52:18.181000Z
1.13795,1.13798,1690000.0572,1100000.0238,2019-06-28T12:52:18.282000Z
1.13794,1.1379700000000001,2440000.0572,1000000.0,2019-06-28T12:52:20.389000Z
1.13794,1.13796,1000000.0,2440000.0572,2019-06-28T12:52:20.593000Z
1.1379299999999999,1.13796,3299999.9523,1759999.9905,2019-06-28T12:52:22.085000Z
1.13794,1.13796,1000000.0,2509999.9905,2019-06-28T12:52:23.085000Z
1.13795,1.13796,1000000.0,2440000.0572,2019-06-28T12:52:38.677000Z
1.13795,1.13798,1000000.0,8439999.5804,2019-06-28T12:52:38.839000Z
1.13796,1.13799,1870000.0048,9260000.2289,2019-06-28T12:52:38.941000Z
1.13796,1.13798,2700000.0477,1000000.0,2019-06-28T12:52:39.043000Z
1.1379700000000001,1.13799,1690000.0572,2509999.9905,2019-06-28T12:52:39.145000Z
1.13798,1.1380000000000001,1690000.0572,1870000.0048,2019-06-28T12:52:39.247000Z
1.13798,1.13802,2440000.0572,4010000.2289,2019-06-28T12:52:39.345000Z
1.13799,1.13802,1000000.0,4760000.2289,2019-06-28T12:52:39.447000Z
1.13799,1.1380100000000002,1000000.0,1000000.0,2019-06-28T12:52:39.549000Z
1.13799,1.13802,1000000.0,4760000.2289,2019-06-28T12:52:39.657000Z
1.13799,1.1380100000000002,1250000.0,1000000.0,2019-06-28T12:52:39.962000Z
1.13799,1.13802,1250000.0,5250000.0,2019-06-28T12:52:40.063000Z
1.13799,1.1380100000000002,6940000.0572,2250000.0,2019-06-28T12:52:40.179000Z
1.1380000000000001,1.1380100000000002,1000000.0,1000000.0,2019-06-28T12:52:40.332000Z
1.1380100000000002,1.1380299999999999,1500000.0,3849999.9046,2019-06-28T12:52:40.486000Z
1.1380100000000002,1.13804,2660000.0858,2849999.9046,2019-06-28T12:52:40.639000Z
1.1380100000000002,1.1380299999999999,2289999.9619,1000000.0,2019-06-28T12:52:40.746000Z
1.1380100000000002,1.13804,1610000.0143,3299999.9523,2019-06-28T12:52:40.848000Z
1.13802,1.13805,1000000.0,6409999.8474,2019-06-28T12:52:40.951000Z
1.13802,1.13805,1000000.0,6639999.8665,2019-06-28T12:52:41.483000Z
1.13802,1.13804,1000000.0,1000000.0,2019-06-28T12:52:41.913000Z
1.13802,1.13805,1000000.0,5809999.9428,2019-06-28T12:52:42.015000Z
1.1380299999999999,1.13805,1000000.0,1120000.0048,2019-06-28T12:52:42.167000Z
1.13802,1.13806,1250000.0,5260000.2289,2019-06-28T12:52:42.332000Z
1.1380299999999999,1.13806,1000000.0,4510000.2289,2019-06-28T12:52:44.306000Z
1.13802,1.13806,3640000.1049,2940000.0572,2019-06-28T12:52:44.442000Z
1.1380299999999999,1.13806,1000000.0,3690000.0572,2019-06-28T12:52:44.883000Z
1.13802,1.13806,4760000.2289,4059999.9428,2019-06-28T12:52:45.415000Z
1.1380299999999999,1.13806,1000000.0,6309999.9428,2019-06-28T12:52:46.768000Z
1.13802,1.13806,4389999.8665,3309999.9428,2019-06-28T12:52:47.393000Z
1.1380299999999999,1.13806,1000000.0,5940000.0572,2019-06-28T12:52:47.632000Z
1.13802,1.13806,4119999.8856,6760000.2289,2019-06-28T12:52:51.587000Z
1.13802,1.13804,1250000.0,2190000.0572,2019-06-28T12:52:51.740000Z
1.1380000000000001,1.13802,1500000.0,1750000.0,2019-06-28T12:52:51.842000Z
1.13799,1.13802,1000000.0,3170000.0763,2019-06-28T12:52:51.943000Z
1.13799,1.13802,1000000.0,3259999.9905,2019-06-28T12:52:52.045000Z
1.1380000000000001,1.1380299999999999,1250000.0,4050000.1907,2019-06-28T12:52:52.278000Z
1.1380000000000001,1.13802,1100000.0238,1000000.0,2019-06-28T12:52:52.380000Z
1.13799,1.13802,3750000.0,1250000.0,2019-06-28T12:52:52.482000Z
1.1380000000000001,1.13802,1000000.0,1250000.0,2019-06-28T12:52:53.227000Z
1.13799,1.13802,4500000.0,1250000.0,2019-06-28T12:52:53.627000Z
1.13799,1.1380100000000002,2319999.9332,1500000.0,2019-06-28T12:52:57.030000Z
1.13798,1.13799,2250000.0,1000000.0,2019-06-28T12:52:57.132000Z
1.1379700000000001,1.1380000000000001,1250000.0,3660000.0858,2019-06-28T12:52:57.258000Z
1.1379700000000001,1.1380000000000001,6190000.0572,3000000.0,2019-06-28T12:52:57.360000Z
1.1379700000000001,1.1380000000000001,6250000.0,1000000.0,2019-06-28T12:52:57.462000Z
1.13798,1.1380100000000002,1250000.0,5320000.1717,2019-06-28T12:52:57.665000Z
1.13798,1.1380000000000001,1250000.0,3000000.0,2019-06-28T12:53:01.184000Z
1.1379700000000001,1.1380000000000001,3450000.0477,1570000.0525,2019-06-28T12:53:01.552000Z
1.1379700000000001,1.1380000000000001,1450000.0477,1570000.0525,2019-06-28T12:53:01.654000Z
1.13799,1.1380000000000001,1000000.0,2319999.9332,2019-06-28T12:53:04.898000Z
1.13798,1.1380000000000001,1250000.0,2319999.9332,2019-06-28T12:53:05.178000Z
1.13799,1.1380100000000002,2440000.0572,3069999.9332,2019-06-28T12:53:13Z
1.1380000000000001,1.13802,1250000.0,1120000.0048,2019-06-28T12:53:13.102000Z
1.1380000000000001,1.13802,2500000.0,1500000.0,2019-06-28T12:53:13.220000Z
1.1380000000000001,1.1380100000000002,1500000.0,2250000.0,2019-06-28T12:53:13.322000Z
1.13799,1.1380100000000002,2500000.0,2250000.0,2019-06-28T12:53:13.423000Z
1.1380100000000002,1.13802,1500000.0,1500000.0,2019-06-28T12:53:16.446000Z
1.1380000000000001,1.1380299999999999,5119999.8856,1000000.0,2019-06-28T12:53:16.548000Z
1.1380100000000002,1.1380299999999999,1250000.0,1500000.0,2019-06-28T12:53:16.649000Z
1.1380000000000001,1.13802,1250000.0,1000000.0,2019-06-28T12:53:16.853000Z
1.13799,1.13802,3259999.9905,6070000.1717,2019-06-28T12:53:17.005000Z
1.13799,1.1380100000000002,2890000.1049,1000000.0,2019-06-28T12:53:17.158000Z
1.13799,1.13802,2140000.1049,7199999.8093,2019-06-28T12:53:17.259000Z
1.13798,1.1380100000000002,4070000.1717,1950000.0477,2019-06-28T12:53:17.861000Z
1.1379700000000001,1.1380000000000001,5889999.8665,1000000.0,2019-06-28T12:53:19.271000Z
1.13796,1.13799,4219999.7902,6750000.0,2019-06-28T12:53:19.373000Z
1.13796,1.1379700000000001,1000000.0,1000000.0,2019-06-28T12:53:19.453000Z
1.13796,1.13798,1690000.0572,1000000.0,2019-06-28T12:53:19.556000Z
1.13796,1.1379700000000001,1000000.0,1000000.0,2019-06-28T12:53:19.658000Z
1.13795,1.13798,1690000.0572,1000000.0,2019-06-28T12:53:19.760000Z
1.13794,1.1379700000000001,3039999.9619,1000000.0,2019-06-28T12:53:19.862000Z
1.13795,1.13798,1000000.0,4760000.2289,2019-06-28T12:53:20.098000Z
1.13795,1.1379700000000001,1000000.0,1000000.0,2019-06-28T12:53:20.200000Z
1.13794,1.1379700000000001,2440000.0572,3500000.0,2019-06-28T12:53:20.942000Z
1.1379299999999999,1.13795,1750000.0,1120000.0048,2019-06-28T12:53:21.053000Z
1.13792,1.13794,1690000.0572,1000000.0,2019-06-28T12:53:21.105000Z
1.1379299999999999,1.13795,1000000.0,5699999.8093,2019-06-28T12:53:21.156000Z
1.13792,1.13794,1690000.0572,1100000.0238,2019-06-28T12:53:21.207000Z
1.1379299999999999,1.13795,1000000.0,1000000.0,2019-06-28T12:53:21.309000Z
1.13792,1.13795,1690000.0572,1000000.0,2019-06-28T12:53:21.512000Z
1.13794,1.13795,1000000.0,1000000.0,2019-06-28T12:53:21.563000Z
1.1379299999999999,1.13795,1000000.0,1000000.0,2019-06-28T12:53:21.664000Z
1.13792,1.13795,1690000.0572,1000000.0,2019-06-28T12:53:21.766000Z
1.1379299999999999,1.13795,1000000.0,1000000.0,2019-06-28T12:53:22.181000Z
1.13792,1.13795,3190000.0572,1500000.0,2019-06-28T12:53:22.333000Z
1.1379299999999999,1.13795,1690000.0572,1000000.0,2019-06-28T12:53:22.435000Z
1.13795,1.1379700000000001,1000000.0,2700000.0477,2019-06-28T12:53:23.405000Z
1.13795,1.1379700000000001,1250000.0,2000000.0,2019-06-28T12:53:23.559000Z
1.13794,1.13796,1000000.0,1000000.0,2019-06-28T12:53:23.704000Z
1.1379299999999999,1.1379700000000001,1009999.9905,9789999.9619,2019-06-28T12:53:23.856000Z
1.1379299999999999,1.13795,1250000.0,1000000.0,2019-06-28T12:53:24.266000Z
1.1379100000000002,1.1379299999999999,2599999.9046,1000000.0,2019-06-28T12:53:24.623000Z
1.1379000000000001,1.1379299999999999,2500000.0,2319999.9332,2019-06-28T12:53:24.725000Z
1.1379000000000001,1.13792,4750000.0,1000000.0,2019-06-28T12:53:24.827000Z
1.1379000000000001,1.1379299999999999,2500000.0,2250000.0,2019-06-28T12:53:24.956000Z
1.13788,1.1379000000000001,2140000.1049,1309999.9428,2019-06-28T12:53:25.087000Z
1.1378700000000002,1.13788,1250000.0,1000000.0,2019-06-28T12:53:25.498000Z
1.1378000000000001,1.13781,3069999.9332,1000000.0,2019-06-28T12:53:25.706000Z
1.13778,1.1378000000000001,1570000.0525,1509999.9905,2019-06-28T12:53:25.811000Z
1.13778,1.13781,1250000.0,3819999.9332,2019-06-28T12:53:25.862000Z
1.1377700000000002,1.13781,1750000.0,2819999.9332,2019-06-28T12:53:25.913000Z
1.13779,1.1378000000000001,1000000.0,1000000.0,2019-06-28T12:53:26.065000Z
1.13778,1.1378000000000001,1250000.0,1100000.0238,2019-06-28T12:53:26.223000Z
1.13776,1.13778,5239999.7711,1000000.0,2019-06-28T12:53:26.274000Z
1.13776,1.1377700000000002,2250000.0,1000000.0,2019-06-28T12:53:26.376000Z
1.13775,1.13776,2619999.8856,3970000.0286,2019-06-28T12:53:26.478000Z
1.13772,1.13775,3259999.9905,1000000.0,2019-06-28T12:53:26.529000Z
1.13773,1.13775,1000000.0,1950000.0477,2019-06-28T12:53:26.628000Z
1.13772,1.13775,3069999.9332,1570000.0525,2019-06-28T12:53:26.730000Z
1.13775,1.1377700000000002,1870000.0048,1500000.0,2019-06-28T12:53:28.605000Z
1.13773,1.13776,2690000.0572,2250000.0,2019-06-28T12:53:28.707000Z
1.13772,1.13776,2500000.0,2700000.0477,2019-06-28T12:53:28.809000Z
1.13771,1.13773,2950000.0477,1000000.0,2019-06-28T12:53:29.012000Z
1.1377000000000002,1.13774,8869999.8856,1570000.0525,2019-06-28T12:53:29.165000Z
1.13773,1.13774,1000000.0,1000000.0,2019-06-28T12:53:29.368000Z
1.13772,1.13774,1690000.0572,1200000.0477,2019-06-28T12:53:29.471000Z
1.13771,1.13774,2890000.1049,1100000.0238,2019-06-28T12:53:29.572000Z
1.13771,1.13773,4690000.0572,1000000.0,2019-06-28T12:53:31.272000Z
1.13771,1.13773,3940000.0572,1000000.0,2019-06-28T12:53:34.382000Z
1.13771,1.13774,3059999.9428,1000000.0,2019-06-28T12:53:34.595000Z
1.13771,1.13775,4559999.9428,4199999.8093,2019-06-28T12:53:35.290000Z
1.13774,1.13776,1419999.9571,1600000.0238,2019-06-28T12:53:36.433000Z
1.13773,1.13776,2500000.0,1000000.0,2019-06-28T12:53:36.535000Z
1.13773,1.13776,1559999.9428,2470000.0286,2019-06-28T12:53:36.637000Z
1.13773,1.13776,2309999.9428,1200000.0477,2019-06-28T12:53:37.032000Z
1.13773,1.1377700000000002,2309999.9428,6449999.8093,2019-06-28T12:53:37.387000Z
1.13773,1.1377700000000002,1750000.0,4219999.7902,2019-06-28T12:53:37.534000Z
1.13773,1.1377700000000002,2500000.0,6449999.8093,2019-06-28T12:53:37.764000Z
1.13773,1.1377700000000002,2500000.0,6469999.7902,2019-06-28T12:53:37.967000Z
1.13773,1.1377700000000002,2500000.0,6449999.8093,2019-06-28T12:53:38.124000Z
1.13773,1.1377700000000002,2500000.0,6469999.7902,2019-06-28T12:53:38.226000Z
1.13773,1.1377700000000002,2500000.0,6449999.8093,2019-06-28T12:53:38.328000Z
1.13775,1.1377700000000002,1250000.0,1100000.0238,2019-06-28T12:53:39.184000Z
1.13776,1.13778,1000000.0,1200000.0477,2019-06-28T12:53:39.286000Z
1.13776,1.13779,1690000.0572,1870000.0048,2019-06-28T12:53:39.388000Z
1.1377700000000002,1.1378000000000001,1250000.0,7699999.8093,2019-06-28T12:53:39.490000Z
1.1377700000000002,1.1378000000000001,3259999.9905,1950000.0477,2019-06-28T12:53:39.852000Z
1.1378000000000001,1.13781,1000000.0,4690000.0572,2019-06-28T12:53:39.903000Z
1.13778,1.13782,4449999.8093,2809999.9428,2019-06-28T12:53:40.005000Z
1.13778,1.13781,3640000.1049,1000000.0,2019-06-28T12:53:40.158000Z
1.13778,1.13782,2890000.1049,2809999.9428,2019-06-28T12:53:40.276000Z
1.13779,1.13781,1000000.0,1000000.0,2019-06-28T12:53:40.378000Z
1.13778,1.13782,1389999.9857,3559999.9428,2019-06-28T12:53:40.836000Z
1.13778,1.13781,2369999.8856,1000000.0,2019-06-28T12:53:41.096000Z
1.13778,1.13782,1309999.9428,2890000.1049,2019-06-28T12:53:41.311000Z
1.13778,1.13781,1309999.9428,1120000.0048,2019-06-28T12:53:41.420000Z
1.1377700000000002,1.1378000000000001,2119999.8856,3190000.0572,2019-06-28T12:53:43.297000Z
1.1377700000000002,1.13781,2809999.9428,2509999.9905,2019-06-28T12:53:43.473000Z
1.13778,1.13781,1250000.0,3640000.1049,2019-06-28T12:53:43.783000Z
1.1377700000000002,1.13781,2809999.9428,2140000.1049,2019-06-28T12:53:44.741000Z
1.13779,1.13781,1000000.0,2059999.9428,2019-06-28T12:53:44.793000Z
1.13779,1.13781,3750000.0,1000000.0,2019-06-28T12:53:45.216000Z
1.1378000000000001,1.13783,2440000.0572,1200000.0477,2019-06-28T12:53:45.318000Z
1.13782,1.13784,1250000.0,2750000.0,2019-06-28T12:53:45.505000Z
1.13783,1.13786,1690000.0572,9470000.267,2019-06-28T12:53:45.556000Z
1.13783,1.13786,1250000.0,1870000.0048,2019-06-28T12:53:45.658000Z
1.13782,1.13785,3559999.9428,1000000.0,2019-06-28T12:53:45.709000Z
1.13782,1.13784,1690000.0572,1000000.0,2019-06-28T12:53:46.444000Z
1.13782,1.13785,1250000.0,1500000.0,2019-06-28T12:53:46.548000Z
1.13781,1.13786,3319999.9332,11890000.3433,2019-06-28T12:53:47.061000Z
1.13781,1.13785,7820000.1717,1500000.0,2019-06-28T12:53:48.880000Z
1.13783,1.13785,1690000.0572,1690000.0572,2019-06-28T12:53:51.298000Z
1.13783,1.13786,1690000.0572,4119999.8856,2019-06-28T12:53:51.436000Z
1.13782,1.13784,1500000.0,1000000.0,2019-06-28T12:53:51.695000Z
1.13783,1.13784,1000000.0,1000000.0,2019-06-28T12:53:52.235000Z
1.13783,1.13786,2440000.0572,4500000.0,2019-06-28T12:53:52.438000Z
1.13785,1.1378700000000002,1000000.0,5440000.0572,2019-06-28T12:53:52.540000Z
1.13786,1.1379000000000001,5570000.1717,2250000.0,2019-06-28T12:53:52.685000Z
1.13789,1.1379000000000001,1000000.0,1000000.0,2019-06-28T12:53:52.837000Z
1.1378700000000002,1.1379000000000001,2440000.0572,1000000.0,2019-06-28T12:53:52.888000Z
1.13788,1.1379000000000001,1250000.0,1000000.0,2019-06-28T12:53:52.939000Z
1.1378700000000002,1.13789,2119999.8856,1000000.0,2019-06-28T12:53:53.042000Z
1.1378700000000002,1.1379000000000001,1250000.0,3940000.0572,2019-06-28T12:53:53.340000Z
1.13789,1.1379100000000002,1690000.0572,1000000.0,2019-06-28T12:53:53.442000Z
1.1379000000000001,1.1379100000000002,1000000.0,1000000.0,2019-06-28T12:53:53.544000Z
1.13789,1.1379100000000002,1759999.9905,1000000.0,2019-06-28T12:53:53.722000Z
1.13789,1.1379100000000002,1820000.0525,1000000.0,2019-06-28T12:53:53.961000Z
1.1379000000000001,1.13792,1250000.0,1000000.0,2019-06-28T12:53:54.652000Z
1.1379100000000002,1.13794,1250000.0,8109999.6567,2019-06-28T12:53:54.908000Z
1.1379100000000002,1.13794,5500000.0,2250000.0,2019-06-28T12:53:55.264000Z
1.1379100000000002,1.13794,3099999.9046,1000000.0,2019-06-28T12:53:55.417000Z
1.1379000000000001,1.13792,1750000.0,1000000.0,2019-06-28T12:53:55.518000Z
1.1379000000000001,1.13792,3190000.0572,1000000.0,2019-06-28T12:54:00.018000Z
1.13789,1.1379100000000002,1250000.0,1000000.0,2019-06-28T12:54:01.385000Z
1.13789,1.1379000000000001,1250000.0,1000000.0,2019-06-28T12:54:03.934000Z
1.13788,1.1379000000000001,2319999.9332,2250000.0,2019-06-28T12:54:04.258000Z
1.13786,1.13789,8810000.4196,2250000.0,2019-06-28T12:54:04.360000Z
1.13786,1.13788,5250000.0,3319999.9332,2019-06-28T12:54:04.449000Z
1.13784,1.1378700000000002,4500000.0,1000000.0,2019-06-28T12:54:04.551000Z
1.13785,1.1378700000000002,1250000.0,1120000.0048,2019-06-28T12:54:04.653000Z
1.13786,1.1378700000000002,1500000.0,1000000.0,2019-06-28T12:54:05.240000Z
1.13786,1.13789,1000000.0,7610000.1335,2019-06-28T12:54:05.291000Z
1.13785,1.1378700000000002,5440000.0572,1000000.0,2019-06-28T12:54:05.493000Z
1.13785,1.13789,3559999.9428,1759999.9905,2019-06-28T12:54:05.596000Z
1.13786,1.13789,1690000.0572,1950000.0477,2019-06-28T12:54:05.698000Z
1.13785,1.13789,3559999.9428,2509999.9905,2019-06-28T12:54:05.949000Z
1.13786,1.13789,1000000.0,3640000.1049,2019-06-28T12:54:06.051000Z
1.13782,1.13785,14010000.2289,3039999.9619,2019-06-28T12:54:06.161000Z
1.13782,1.13784,1250000.0,1350000.0238,2019-06-28T12:54:06.263000Z
1.13782,1.13785,1250000.0,7239999.7711,2019-06-28T12:54:12.011000Z
1.13782,1.13784,1250000.0,1000000.0,2019-06-28T12:54:12.113000Z
1.13782,1.13785,1250000.0,2890000.1049,2019-06-28T12:54:13.802000Z
1.13781,1.13784,1690000.0572,1000000.0,2019-06-28T12:54:14.126000Z
1.13781,1.13785,1250000.0,3640000.1049,2019-06-28T12:54:14.486000Z
1.13781,1.13785,3059999.9428,6070000.1717,2019-06-28T12:54:14.589000Z
1.13783,1.13785,1500000.0,1500000.0,2019-06-28T12:54:15.765000Z
1.13782,1.13785,3640000.1049,2319999.9332,2019-06-28T12:54:16.244000Z
1.13783,1.13785,1000000.0,2250000.0,2019-06-28T12:54:16.859000Z
1.1378700000000002,1.13788,1000000.0,1200000.0477,2019-06-28T12:54:16.961000Z
1.1378700000000002,1.13789,1000000.0,3369999.8856,2019-06-28T12:54:17.012000Z
1.1378700000000002,1.13788,1250000.0,1000000.0,2019-06-28T12:54:17.114000Z
1.1378700000000002,1.13789,1250000.0,2250000.0,2019-06-28T12:54:17.215000Z
1.13786,1.13788,2440000.0572,1000000.0,2019-06-28T12:54:18.861000Z
1.1378700000000002,1.13789,1250000.0,3000000.0,2019-06-28T12:54:19.181000Z
1.13789,1.1379000000000001,1500000.0,1000000.0,2019-06-28T12:54:24.020000Z
1.1379100000000002,1.1379299999999999,1750000.0,1000000.0,2019-06-28T12:54:24.122000Z
1.13792,1.13795,2809999.9428,3069999.9332,2019-06-28T12:54:24.173000Z
1.13792,1.13794,1250000.0,1000000.0,2019-06-28T12:54:24.340000Z
1.13792,1.13795,1250000.0,3000000.0,2019-06-28T12:54:25.788000Z
1.13792,1.13795,2160000.0858,2619999.8856,2019-06-28T12:54:25.992000Z
1.13795,1.13796,1000000.0,3819999.9332,2019-06-28T12:54:26.115000Z
1.13794,1.1379700000000001,2140000.1049,3000000.0,2019-06-28T12:54:26.217000Z
1.13796,1.13798,1000000.0,6449999.8093,2019-06-28T12:54:27.462000Z
1.1379700000000001,1.13799,1309999.9428,1500000.0,2019-06-28T12:54:31.137000Z
1.13799,1.1380000000000001,1500000.0,2250000.0,2019-06-28T12:54:32.223000Z
1.13798,1.1380100000000002,1559999.9428,1250000.0,2019-06-28T12:54:32.325000Z
1.1380000000000001,1.13802,2250000.0,3069999.9332,2019-06-28T12:54:34.771000Z
1.13799,1.1380299999999999,2619999.8856,3619999.8856,2019-06-28T12:54:34.955000Z
1.1380000000000001,1.1380299999999999,1000000.0,4369999.8856,2019-06-28T12:54:35.209000Z
1.1380100000000002,1.13804,1309999.9428,6070000.1717,2019-06-28T12:54:36.071000Z
1.13802,1.13804,1000000.0,5320000.1717,2019-06-28T12:54:36.173000Z
1.1380100000000002,1.13804,2140000.1049,4119999.8856,2019-06-28T12:54:36.713000Z
1.1380000000000001,1.1380299999999999,3190000.0572,2250000.0,2019-06-28T12:54:36.815000Z
1.1380000000000001,1.13802,1389999.9857,1000000.0,2019-06-28T12:54:37.252000Z
1.1380000000000001,1.1380299999999999,1389999.9857,5699999.8093,2019-06-28T12:54:37.511000Z
1.1380100000000002,1.1380299999999999,1500000.0,1000000.0,2019-06-28T12:54:37.613000Z
1.13799,1.1380299999999999,8170000.0763,2500000.0,2019-06-28T12:54:37.714000Z
1.1380100000000002,1.1380299999999999,1500000.0,1000000.0,2019-06-28T12:54:37.816000Z
1.1380100000000002,1.13805,3250000.0,7570000.1717,2019-06-28T12:54:39.513000Z
1.13804,1.13805,1000000.0,4869999.8856,2019-06-28T12:54:39.615000Z
1.13804,1.13806,1000000.0,4869999.8856,2019-06-28T12:54:39.717000Z
1.1380299999999999,1.1380700000000001,3819999.9332,7539999.9619,2019-06-28T12:54:40.073000Z
1.1380299999999999,1.13805,1009999.9905,1000000.0,2019-06-28T12:54:40.631000Z
1.13802,1.13804,1200000.0477,3750000.0,2019-06-28T12:54:42.813000Z
1.1380000000000001,1.13804,1690000.0572,3259999.9905,2019-06-28T12:54:42.917000Z
1.13799,1.1380299999999999,7510000.2289,1309999.9428,2019-06-28T12:54:43.019000Z
1.1380000000000001,1.13804,4760000.2289,5659999.8474,2019-06-28T12:54:43.173000Z
1.1380000000000001,1.1380299999999999,1309999.9428,1000000.0,2019-06-28T12:54:43.275000Z
1.13802,1.13804,1120000.0048,2700000.0477,2019-06-28T12:54:43.377000Z
1.1380299999999999,1.13805,1000000.0,1000000.0,2019-06-28T12:54:43.504000Z
1.1380299999999999,1.13806,1000000.0,5889999.8665,2019-06-28T12:54:43.658000Z
1.1380299999999999,1.13806,1000000.0,6289999.9619,2019-06-28T12:54:44.334000Z
1.13804,1.13806,4500000.0,4119999.8856,2019-06-28T12:54:44.732000Z
1.13804,1.1380700000000001,5119999.8856,2319999.9332,2019-06-28T12:54:44.783000Z
1.13805,1.13808,4369999.8856,1120000.0048,2019-06-28T12:54:45.251000Z
1.13808,1.13809,1000000.0,2250000.0,2019-06-28T12:54:45.353000Z
1.13808,1.1381100000000002,4010000.2289,3069999.9332,2019-06-28T12:54:45.455000Z
1.13809,1.1381100000000002,1000000.0,1870000.0048,2019-06-28T12:54:45.557000Z
1.1381000000000001,1.13813,5360000.1335,1120000.0048,2019-06-28T12:54:45.702000Z
1.1381000000000001,1.13814,5360000.1335,5059999.9428,2019-06-28T12:54:45.804000Z
1.1381100000000002,1.13814,1000000.0,5059999.9428,2019-06-28T12:54:45.956000Z
1.1381000000000001,1.13814,5360000.1335,4309999.9428,2019-06-28T12:54:46.058000Z
1.1381000000000001,1.1381100000000002,1000000.0,1000000.0,2019-06-28T12:54:46.488000Z
1.13808,1.1381000000000001,1000000.0,3190000.0572,2019-06-28T12:54:46.590000Z
1.13806,1.1381000000000001,3190000.0572,7809999.9428,2019-06-28T12:54:46.691000Z
1.13806,1.13808,1000000.0,2440000.0572,2019-06-28T12:54:46.794000Z
1.13805,1.1380700000000001,2250000.0,1000000.0,2019-06-28T12:54:46.982000Z
1.13804,1.13805,1500000.0,1000000.0,2019-06-28T12:54:47.034000Z
1.1380100000000002,1.13804,1759999.9905,4500000.0,2019-06-28T12:54:47.136000Z
1.1380000000000001,1.1380299999999999,1200000.0477,1690000.0572,2019-06-28T12:54:47.238000Z
1.13799,1.1380299999999999,3940000.0572,3259999.9905,2019-06-28T12:54:47.386000Z
1.13799,1.1380299999999999,3559999.9428,4139999.8665,2019-06-28T12:54:47.488000Z
1.1380000000000001,1.13802,1000000.0,1120000.0048,2019-06-28T12:54:47.591000Z
1.1380100000000002,1.13804,2440000.0572,3000000.0,2019-06-28T12:54:47.693000Z
1.13802,1.13805,1000000.0,6559999.9428,2019-06-28T12:54:48.028000Z
1.13804,1.1380700000000001,4500000.0,2950000.0477,2019-06-28T12:54:48.130000Z
1.13805,1.1380700000000001,2509999.9905,1250000.0,2019-06-28T12:54:48.181000Z
1.13805,1.13806,1000000.0,1000000.0,2019-06-28T12:54:48.284000Z
1.1380299999999999,1.13806,2059999.9428,1500000.0,2019-06-28T12:54:48.335000Z
1.1380299999999999,1.13805,1120000.0048,1690000.0572,2019-06-28T12:54:48.437000Z
1.1380100000000002,1.13805,8039999.9619,1759999.9905,2019-06-28T12:54:48.590000Z
1.13802,1.13805,1870000.0048,4039999.9619,2019-06-28T12:54:48.793000Z
1.1380100000000002,1.13805,10159999.8474,2509999.9905,2019-06-28T12:54:48.895000Z
1.1380299999999999,1.13805,1000000.0,1750000.0,2019-06-28T12:54:49.250000Z
1.13805,1.13806,1000000.0,2319999.9332,2019-06-28T12:54:49.302000Z
1.13805,1.13808,4050000.1907,1950000.0477,2019-06-28T12:54:49.403000Z
1.13805,1.13808,1500000.0,1600000.0238,2019-06-28T12:54:49.505000Z
1.13806,1.13808,1500000.0,1500000.0,2019-06-28T12:54:50.111000Z
1.1380700000000001,1.1381000000000001,1000000.0,4949999.8093,2019-06-28T12:54:50.264000Z
1.13808,1.1381000000000001,1000000.0,2250000.0,2019-06-28T12:54:50.418000Z
1.1380700000000001,1.1381000000000001,1500000.0,2250000.0,2019-06-28T12:54:50.470000Z
1.1380700000000001,1.1381000000000001,2250000.0,5539999.9619,2019-06-28T12:54:50.724000Z
1.1380700000000001,1.1381000000000001,1000000.0,4309999.9428,2019-06-28T12:54:50.826000Z
1.13806,1.1381000000000001,7539999.9619,3069999.9332,2019-06-28T12:54:51.542000Z
1.13809,1.1381100000000002,1500000.0,1389999.9857,2019-06-28T12:54:52.800000Z
1.1381000000000001,1.1381100000000002,1000000.0,1250000.0,2019-06-28T12:54:52.903000Z
1.13809,1.1381100000000002,1500000.0,1250000.0,2019-06-28T12:54:53.011000Z
1.1381000000000001,1.13813,1000000.0,2200000.0477,2019-06-28T12:54:53.114000Z
1.13809,1.13812,5760000.2289,1750000.0,2019-06-28T12:54:53.216000Z
1.13809,1.13812,2440000.0572,1940000.0572,2019-06-28T12:54:53.318000Z
1.13809,1.1381100000000002,1500000.0,7000000.0,2019-06-28T12:54:54.044000Z
1.1380700000000001,1.1381000000000001,1200000.0477,2440000.0572,2019-06-28T12:54:54.095000Z
1.1381100000000002,1.13812,2250000.0,3000000.0,2019-06-28T12:54:54.198000Z
1.13814,1.13816,2690000.0572,9369999.8856,2019-06-28T12:54:54.301000Z
1.13813,1.13815,1250000.0,1250000.0,2019-06-28T12:54:54.415000Z
1.13813,1.13816,1120000.0048,3259999.9905,2019-06-28T12:54:54.518000Z
1.13813,1.13816,3619999.8856,3750000.0,2019-06-28T12:54:54.620000Z
1.13813,1.13815,1450000.0477,1000000.0,2019-06-28T12:54:54.723000Z
1.13814,1.13816,1250000.0,3000000.0,2019-06-28T12:54:55.226000Z
1.13813,1.1381700000000001,4070000.1717,3000000.0,2019-06-28T12:54:55.825000Z
1.13815,1.13818,3190000.0572,2890000.1049,2019-06-28T12:54:56.276000Z
1.13816,1.13819,1250000.0,3750000.0,2019-06-28T12:54:56.390000Z
1.1381700000000001,1.13819,1000000.0,3069999.9332,2019-06-28T12:54:56.542000Z
1.13816,1.1382,2059999.9428,4010000.2289,2019-06-28T12:54:56.644000Z
1.13816,1.13819,1309999.9428,1000000.0,2019-06-28T12:54:56.849000Z
1.13816,1.13818,1000000.0,1500000.0,2019-06-28T12:54:56.990000Z
1.13815,1.13818,3190000.0572,4510000.2289,2019-06-28T12:54:57.092000Z
1.13815,1.13818,2440000.0572,4389999.8665,2019-06-28T12:54:57.235000Z
1.13815,1.1381700000000001,1000000.0,1000000.0,2019-06-28T12:54:57.336000Z
1.13814,1.1381700000000001,1309999.9428,1500000.0,2019-06-28T12:54:57.438000Z
1.13815,1.13818,1000000.0,11140000.3433,2019-06-28T12:54:57.651000Z
1.13815,1.1381700000000001,1000000.0,1000000.0,2019-06-28T12:54:57.855000Z
1.13815,1.13818,8060000.4196,1100000.0238,2019-06-28T12:54:57.958000Z
1.13816,1.13819,1250000.0,5889999.8665,2019-06-28T12:54:58.009000Z
1.13816,1.13819,9069999.6948,1000000.0,2019-06-28T12:54:58.113000Z
1.13816,1.13818,1690000.0572,1000000.0,2019-06-28T12:54:58.260000Z
1.13816,1.13819,1690000.0572,4500000.0,2019-06-28T12:54:58.464000Z
1.13816,1.13819,1250000.0,5719999.7902,2019-06-28T12:54:58.607000Z
1.13816,1.13819,1009999.9905,3450000.0477,2019-06-28T12:54:58.851000Z
1.13819,1.1382,1000000.0,7389999.8665,2019-06-28T12:54:58.953000Z
1.13819,1.13823,3940000.0572,3559999.9428,2019-06-28T12:54:59.056000Z
1.13819,1.1382200000000002,2440000.0572,1870000.0048,2019-06-28T12:54:59.158000Z
1.13818,1.1382200000000002,1500000.0,9859999.6567,2019-06-28T12:54:59.260000Z
1.13818,1.1382,2250000.0,2250000.0,2019-06-28T12:54:59.355000Z
1.1381700000000001,1.1382,1000000.0,5389999.8665,2019-06-28T12:54:59.457000Z
1.13816,1.13819,1250000.0,3450000.0477,2019-06-28T12:54:59.559000Z
1.13815,1.13819,1250000.0,7159999.8474,2019-06-28T12:54:59.661000Z
1.13815,1.13819,2440000.0572,11130000.1144,2019-06-28T12:54:59.763000Z
1.13815,1.13818,1000000.0,7389999.8665,2019-06-28T12:54:59.866000Z
1.13815,1.13818,6250000.0,1200000.0477,2019-06-28T12:55:00.123000Z
1.13816,1.13819,3190000.0572,1200000.0477,2019-06-28T12:55:00.225000Z
1.13815,1.13819,4750000.0,1500000.0,2019-06-28T12:55:01.077000Z
1.13812,1.13815,3190000.0572,2700000.0477,2019-06-28T12:55:01.180000Z
1.13812,1.13815,1120000.0048,4389999.8665,2019-06-28T12:55:01.282000Z
1.13813,1.13816,1000000.0,4570000.1717,2019-06-28T12:55:02.078000Z
1.13815,1.13818,2809999.9428,2099999.9046,2019-06-28T12:55:02.180000Z
1.13815,1.13819,10689999.5804,4349999.9046,2019-06-28T12:55:02.282000Z
1.1381700000000001,1.13819,1000000.0,1720000.0286,2019-06-28T12:55:02.384000Z
1.13815,1.1381700000000001,4119999.8856,1000000.0,2019-06-28T12:55:02.486000Z
1.13815,1.13818,1000000.0,2700000.0477,2019-06-28T12:55:02.588000Z
1.13814,1.1381700000000001,1250000.0,1690000.0572,2019-06-28T12:55:02.740000Z
1.13814,1.1381700000000001,1250000.0,3970000.0286,2019-06-28T12:55:02.842000Z
1.13813,1.13816,1870000.0048,1009999.9905,2019-06-28T12:55:03.147000Z
1.13813,1.1381700000000001,1250000.0,6469999.7902,2019-06-28T12:55:03.350000Z
1.13813,1.1381700000000001,1250000.0,5949999.8093,2019-06-28T12:55:04.017000Z
1.13815,1.13816,2440000.0572,1000000.0,2019-06-28T12:55:04.068000Z
1.1381700000000001,1.13819,1000000.0,6820000.1717,2019-06-28T12:55:04.170000Z
1.1381700000000001,1.13819,1120000.0048,3000000.0,2019-06-28T12:55:04.272000Z
1.13816,1.13819,1750000.0,4320000.1717,2019-06-28T12:55:04.374000Z
1.1381700000000001,1.13819,1500000.0,3450000.0477,2019-06-28T12:55:04.866000Z
1.1381700000000001,1.13818,1000000.0,1000000.0,2019-06-28T12:55:05.018000Z
1.13816,1.13819,3940000.0572,2700000.0477,2019-06-28T12:55:05.120000Z
1.13815,1.1381700000000001,1000000.0,1000000.0,2019-06-28T12:55:05.243000Z
1.13814,1.1381700000000001,1000000.0,5889999.8665,2019-06-28T12:55:05.345000Z
1.13814,1.13816,1000000.0,1250000.0,2019-06-28T12:55:05.447000Z
1.13814,1.1381700000000001,1000000.0,5889999.8665,2019-06-28T12:55:05.549000Z
1.13813,1.1381700000000001,2440000.0572,3640000.1049,2019-06-28T12:55:06.078000Z
1.13814,1.13816,1000000.0,1000000.0,2019-06-28T12:55:06.282000Z
1.13812,1.13815,2500000.0,1389999.9857,2019-06-28T12:55:06.385000Z
1.1381100000000002,1.13814,5869999.8856,1200000.0477,2019-06-28T12:55:06.499000Z
1.1381000000000001,1.13813,3440000.0572,1000000.0,2019-06-28T12:55:06.601000Z
1.1381100000000002,1.13814,1690000.0572,4199999.8093,2019-06-28T12:55:06.806000Z
1.1381100000000002,1.13814,1250000.0,4199999.8093,2019-06-28T12:55:06.908000Z
1.1381000000000001,1.13813,4940000.0572,1000000.0,2019-06-28T12:55:07.228000Z
1.1381000000000001,1.13813,1750000.0,1950000.0477,2019-06-28T12:55:07.331000Z
1.1381000000000001,1.13813,1500000.0,2140000.1049,2019-06-28T12:55:07.625000Z
1.13809,1.13812,3190000.0572,1200000.0477,2019-06-28T12:55:07.729000Z
1.1381000000000001,1.13812,1000000.0,1200000.0477,2019-06-28T12:55:07.883000Z
1.13809,1.13812,3190000.0572,1200000.0477,2019-06-28T12:55:07.984000Z
1.1381000000000001,1.13812,1000000.0,1200000.0477,2019-06-28T12:55:08.159000Z
1.13809,1.13812,3190000.0572,1570000.0525,2019-06-28T12:55:08.261000Z
1.13808,1.1381100000000002,1870000.0048,4199999.8093,2019-06-28T12:55:08.363000Z
1.1380700000000001,1.1381000000000001,2440000.0572,1600000.0238,2019-06-28T12:55:08.465000Z
1.13808,1.1381000000000001,1000000.0,3599999.9046,2019-06-28T12:55:08.983000Z
1.1380700000000001,1.1381000000000001,1690000.0572,2849999.9046,2019-06-28T12:55:09.186000Z
1.13808,1.13809,1000000.0,1200000.0477,2019-06-28T12:55:09.388000Z
1.13806,1.13808,1690000.0572,1200000.0477,2019-06-28T12:55:09.610000Z
1.13805,1.13808,3369999.8856,1389999.9857,2019-06-28T12:55:09.712000Z
1.1380700000000001,1.13809,1000000.0,3069999.9332,2019-06-28T12:55:10.520000Z
1.13808,1.13809,1000000.0,1870000.0048,2019-06-28T12:55:10.623000Z
1.13808,1.1381000000000001,1000000.0,5139999.8665,2019-06-28T12:55:10.725000Z
1.13808,1.13809,1000000.0,1200000.0477,2019-06-28T12:55:11.421000Z
1.13808,1.1381000000000001,1000000.0,3069999.9332,2019-06-28T12:55:11.754000Z
1.13809,1.1381100000000002,1000000.0,5659999.8474,2019-06-28T12:55:11.869000Z
1.13809,1.1381100000000002,1000000.0,5139999.8665,2019-06-28T12:55:12.529000Z
1.13809,1.1381100000000002,1000000.0,5289999.9619,2019-06-28T12:55:12.935000Z
1.13808,1.1381100000000002,1000000.0,5289999.9619,2019-06-28T12:55:13.037000Z
1.1381000000000001,1.1381100000000002,2440000.0572,1200000.0477,2019-06-28T12:55:13.139000Z
1.13809,1.13812,1500000.0,6039999.9619,2019-06-28T12:55:13.241000Z
1.1380700000000001,1.1381000000000001,2059999.9428,1200000.0477,2019-06-28T12:55:13.346000Z
1.13808,1.1381000000000001,1500000.0,1950000.0477,2019-06-28T12:55:13.448000Z
1.1380700000000001,1.1381000000000001,2059999.9428,1950000.0477,2019-06-28T12:55:13.549000Z
1.13808,1.1381000000000001,1000000.0,4199999.8093,2019-06-28T12:55:13.652000Z
1.13809,1.1381000000000001,1000000.0,3450000.0477,2019-06-28T12:55:13.804000Z
1.13808,1.1381000000000001,2250000.0,1950000.0477,2019-06-28T12:55:13.906000Z
1.13806,1.13809,1750000.0,1000000.0,2019-06-28T12:55:14.337000Z
1.13806,1.13808,1000000.0,1120000.0048,2019-06-28T12:55:14.439000Z
1.1380700000000001,1.13808,1250000.0,1389999.9857,2019-06-28T12:55:14.541000Z
1.1380700000000001,1.13809,1250000.0,7239999.7711,2019-06-28T12:55:14.592000Z
1.13806,1.13809,1250000.0,1700000.0477,2019-06-28T12:55:14.719000Z
1.13806,1.13809,2440000.0572,1570000.0525,2019-06-28T12:55:14.821000Z
1.1380700000000001,1.13809,1500000.0,1200000.0477,2019-06-28T12:55:14.923000Z
1.13808,1.13809,1000000.0,1200000.0477,2019-06-28T12:55:15.077000Z
1.13809,1.1381100000000002,2440000.0572,4199999.8093,2019-06-28T12:55:15.381000Z
1.1381100000000002,1.13813,1000000.0,6199999.8093,2019-06-28T12:55:15.483000Z
1.1381100000000002,1.13813,1000000.0,3369999.8856,2019-06-28T12:55:15.585000Z
1.1381000000000001,1.13813,1250000.0,3750000.0,2019-06-28T12:55:16.053000Z
1.1381000000000001,1.13812,1690000.0572,1120000.0048,2019-06-28T12:55:16.155000Z
1.1381000000000001,1.1381100000000002,1500000.0,1000000.0,2019-06-28T12:55:16.298000Z
1.13808,1.1381100000000002,1870000.0048,1000000.0,2019-06-28T12:55:16.400000Z
1.13808,1.1381100000000002,2569999.9332,1500000.0,2019-06-28T12:55:16.501000Z
1.13808,1.13812,1820000.0525,7800000.1907,2019-06-28T12:55:16.665000Z
1.13808,1.1381100000000002,1820000.0525,1000000.0,2019-06-28T12:55:16.919000Z
1.1381000000000001,1.1381100000000002,1250000.0,1000000.0,2019-06-28T12:55:19.167000Z
1.1381000000000001,1.13812,1250000.0,4690000.0572,2019-06-28T12:55:19.289000Z
1.1381000000000001,1.1381100000000002,1250000.0,1000000.0,2019-06-28T12:55:19.548000Z
1.13809,1.13812,1250000.0,6940000.0572,2019-06-28T12:55:20.120000Z
1.13809,1.1381100000000002,1250000.0,1000000.0,2019-06-28T12:55:20.323000Z
1.1380700000000001,1.13809,2690000.0572,1000000.0,2019-06-28T12:55:20.425000Z
1.13804,1.1380700000000001,2140000.1049,1500000.0,2019-06-28T12:55:20.530000Z
1.13805,1.13808,1799999.9523,4789999.9619,2019-06-28T12:55:20.632000Z
1.13805,1.13808,1049999.9523,4760000.2289,2019-06-28T12:55:20.734000Z
1.13804,1.13808,2440000.0572,6289999.9619,2019-06-28T12:55:20.835000Z
1.13804,1.13808,2440000.0572,6260000.2289,2019-06-28T12:55:20.937000Z
1.13804,1.1380700000000001,3190000.0572,1970000.0286,2019-06-28T12:55:20.988000Z
1.13802,1.13806,3640000.1049,3559999.9428,2019-06-28T12:55:21.574000Z
1.13802,1.13805,1690000.0572,1500000.0,2019-06-28T12:55:22.257000Z
1.1380299999999999,1.13806,1000000.0,5010000.2289,2019-06-28T12:55:22.688000Z
1.13806,1.1380700000000001,1000000.0,5510000.2289,2019-06-28T12:55:22.740000Z
1.13805,1.13808,11000000.0,3000000.0,2019-06-28T12:55:22.791000Z
1.13808,1.1381000000000001,1000000.0,6070000.1717,2019-06-28T12:55:22.842000Z
1.1380700000000001,1.13809,1250000.0,1100000.0238,2019-06-28T12:55:22.893000Z
1.13808,1.1381000000000001,1000000.0,4250000.0,2019-06-28T12:55:23.104000Z
1.13806,1.13809,8890000.3433,1500000.0,2019-06-28T12:55:23.211000Z
1.13806,1.13808,1250000.0,1000000.0,2019-06-28T12:55:23.315000Z
1.13806,1.13809,1000000.0,5510000.2289,2019-06-28T12:55:23.469000Z
1.13805,1.13809,1000000.0,7010000.2289,2019-06-28T12:55:23.571000Z
1.13805,1.1380700000000001,1000000.0,1000000.0,2019-06-28T12:55:23.921000Z
1.13805,1.13808,1000000.0,7949999.8093,2019-06-28T12:55:24.023000Z
1.13804,1.13806,1000000.0,1000000.0,2019-06-28T12:55:24.900000Z
1.1380299999999999,1.1380700000000001,3069999.9332,3940000.0572,2019-06-28T12:55:25.002000Z
1.1380299999999999,1.13805,1570000.0525,1000000.0,2019-06-28T12:55:25.124000Z
1.1380299999999999,1.13806,1570000.0525,2700000.0477,2019-06-28T12:55:25.226000Z
1.1380299999999999,1.13805,1950000.0477,1000000.0,2019-06-28T12:55:25.327000Z
1.13805,1.1380700000000001,1000000.0,2509999.9905,2019-06-28T12:55:26.114000Z
1.1380299999999999,1.1380700000000001,8890000.3433,6369999.8856,2019-06-28T12:55:29.315000Z
1.13804,1.1380700000000001,1000000.0,5619999.8856,2019-06-28T12:55:29.922000Z
1.13805,1.13806,2250000.0,1000000.0,2019-06-28T12:55:30.067000Z
1.13806,1.13808,1500000.0,1100000.0238,2019-06-28T12:55:30.118000Z
1.1380700000000001,1.13809,2500000.0,3450000.0477,2019-06-28T12:55:30.169000Z
1.1380700000000001,1.1381000000000001,1750000.0,2440000.0572,2019-06-28T12:55:30.271000Z
1.13809,1.1381100000000002,1500000.0,4440000.0572,2019-06-28T12:55:31.071000Z
1.13809,1.1381100000000002,1500000.0,1309999.9428,2019-06-28T12:55:31.328000Z
1.13808,1.1381100000000002,1570000.0525,2059999.9428,2019-06-28T12:55:31.838000Z
1.13809,1.1381100000000002,1500000.0,1309999.9428,2019-06-28T12:55:33.235000Z
1.1381000000000001,1.1381100000000002,1000000.0,1120000.0048,2019-06-28T12:55:33.802000Z
1.1381100000000002,1.13813,1000000.0,5320000.1717,2019-06-28T12:55:33.853000Z
1.1381100000000002,1.13814,3940000.0572,1120000.0048,2019-06-28T12:55:33.956000Z
1.13813,1.13814,1000000.0,1200000.0477,2019-06-28T12:55:34.189000Z
1.13813,1.13816,1690000.0572,2250000.0,2019-06-28T12:55:34.291000Z
1.13814,1.13816,1000000.0,1500000.0,2019-06-28T12:55:34.393000Z
1.13813,1.13816,4389999.8665,1500000.0,2019-06-28T12:55:34.495000Z
1.13816,1.13818,1500000.0,1000000.0,2019-06-28T12:55:34.909000Z
1.1381700000000001,1.1382,1409999.9666,1500000.0,2019-06-28T12:55:35.011000Z
1.13816,1.1382,5949999.8093,1500000.0,2019-06-28T12:55:35.152000Z
1.1381700000000001,1.1382,2289999.9619,1000000.0,2019-06-28T12:55:36.270000Z
1.1381700000000001,1.1382,2509999.9905,1000000.0,2019-06-28T12:55:36.422000Z
1.1381700000000001,1.1382,1509999.9905,1000000.0,2019-06-28T12:55:36.625000Z
1.1381700000000001,1.1382,2890000.1049,1000000.0,2019-06-28T12:55:36.888000Z
1.13816,1.13818,6260000.2289,1000000.0,2019-06-28T12:55:36.939000Z
1.13814,1.13816,2440000.0572,1000000.0,2019-06-28T12:55:37.042000Z
1.13815,1.13816,1000000.0,1000000.0,2019-06-28T12:55:37.145000Z
1.13814,1.1381700000000001,1009999.9905,1500000.0,2019-06-28T12:55:37.248000Z
1.13815,1.1381700000000001,1500000.0,1500000.0,2019-06-28T12:55:37.402000Z
1.1381700000000001,1.13819,1500000.0,1000000.0,2019-06-28T12:55:37.502000Z
1.13818,1.13819,1000000.0,1000000.0,2019-06-28T12:55:38.784000Z
1.1381700000000001,1.1382,1759999.9905,1500000.0,2019-06-28T12:55:39.144000Z
1.13818,1.1382,1000000.0,1500000.0,2019-06-28T12:55:39.555000Z
1.1381700000000001,1.1382,2509999.9905,1500000.0,2019-06-28T12:55:39.657000Z
1.13818,1.1382,1000000.0,1000000.0,2019-06-28T12:55:40.198000Z
1.1381700000000001,1.1382,2440000.0572,1000000.0,2019-06-28T12:55:40.299000Z
1.13818,1.1382,1000000.0,1000000.0,2019-06-28T12:55:40.546000Z
1.13816,1.13818,1100000.0238,1690000.0572,2019-06-28T12:55:40.749000Z
1.13812,1.13813,1759999.9905,3000000.0,2019-06-28T12:55:40.851000Z
1.1381000000000001,1.1381100000000002,1000000.0,1000000.0,2019-06-28T12:55:40.953000Z
1.13809,1.1381100000000002,1950000.0477,3190000.0572,2019-06-28T12:55:41.111000Z
1.1381100000000002,1.13812,1000000.0,1500000.0,2019-06-28T12:55:41.265000Z
1.1381100000000002,1.13813,1690000.0572,1500000.0,2019-06-28T12:55:41.673000Z
1.13812,1.13814,1250000.0,1500000.0,2019-06-28T12:55:41.923000Z
1.1381100000000002,1.13814,2140000.1049,2250000.0,2019-06-28T12:55:47.948000Z
1.1381100000000002,1.13814,2950000.0477,2250000.0,2019-06-28T12:55:48.609000Z
1.1381100000000002,1.13814,2890000.1049,2250000.0,2019-06-28T12:55:48.717000Z
1.1381100000000002,1.13814,3700000.0477,2250000.0,2019-06-28T12:55:49.669000Z
1.13812,1.13814,1000000.0,3750000.0,2019-06-28T12:55:51.175000Z
1.1381100000000002,1.13813,1000000.0,1250000.0,2019-06-28T12:55:51.439000Z
1.13809,1.13812,3819999.9332,1000000.0,2019-06-28T12:55:51.541000Z
1.13809,1.1381100000000002,2190000.0572,1000000.0,2019-06-28T12:55:51.643000Z
1.1381000000000001,1.13812,1000000.0,3750000.0,2019-06-28T12:55:51.745000Z
1.13809,1.13812,1759999.9905,5699999.8093,2019-06-28T12:55:52.276000Z
1.13809,1.1381100000000002,1690000.0572,1000000.0,2019-06-28T12:55:52.377000Z
1.13808,1.13812,7199999.8093,3750000.0,2019-06-28T12:55:52.479000Z
1.13808,1.13812,3700000.0477,3470000.0286,2019-06-28T12:55:52.632000Z
1.13809,1.13812,1309999.9428,2250000.0,2019-06-28T12:55:52.734000Z
1.13809,1.13812,1309999.9428,1970000.0286,2019-06-28T12:55:52.852000Z
