bid,ask,bid_vol,ask_vol,time
1.24664,1.24666,3559999.9428,1000000.0,2018-01-31T13:45:00.310000Z
1.24666,1.2466700000000002,1120000.0048,1500000.0,2018-01-31T13:45:00.618000Z
1.24666,1.24669,1950000.0477,2809999.9428,2018-01-31T13:45:01.147000Z
1.24665,1.2466700000000002,1950000.0477,1000000.0,2018-01-31T13:45:01.306000Z
1.24665,1.2466700000000002,1000000.0,1000000.0,2018-01-31T13:45:01.847000Z
1.24666,1.2466700000000002,1000000.0,1500000.0,2018-01-31T13:45:03.283000Z
1.24665,1.2466700000000002,1200000.0477,1500000.0,2018-01-31T13:45:03.805000Z
1.24666,1.2466700000000002,1000000.0,1500000.0,2018-01-31T13:45:04.339000Z
1.24663,1.24665,4570000.1717,1500000.0,2018-01-31T13:45:05.728000Z
1.24661,1.24663,1200000.0477,1000000.0,2018-01-31T13:45:05.831000Z
1.24661,1.24662,1200000.0477,1000000.0,2018-01-31T13:45:06.428000Z
1.2466000000000002,1.24662,2700000.0477,1000000.0,2018-01-31T13:45:07.408000Z
1.24659,1.2466000000000002,2319999.9332,1000000.0,2018-01-31T13:45:09.024000Z
1.2465700000000002,1.24658,1200000.0477,1250000.0,2018-01-31T13:45:09.129000Z
1.2465600000000001,1.2465700000000002,1200000.0477,1000000.0,2018-01-31T13:45:09.490000Z
1.24653,1.24655,3450000.0477,1000000.0,2018-01-31T13:45:09.699000Z
1.24649,1.24651,1870000.0048,1000000.0,2018-01-31T13:45:09.941000Z
1.24645,1.2464700000000002,2470000.0286,1000000.0,2018-01-31T13:45:10.257000Z
1.2464600000000001,1.24649,5739999.7711,1000000.0,2018-01-31T13:45:10.310000Z
1.2464700000000002,1.2465000000000002,1500000.0,2059999.9428,2018-01-31T13:45:10.364000Z
1.2464600000000001,1.24648,1419999.9571,1690000.0572,2018-01-31T13:45:10.469000Z
1.24649,1.2465000000000002,1000000.0,1250000.0,2018-01-31T13:45:10.855000Z
1.24648,1.2465000000000002,4869999.8856,1250000.0,2018-01-31T13:45:12.294000Z
1.24649,1.2465000000000002,1200000.0477,1690000.0572,2018-01-31T13:45:12.839000Z
1.24649,1.24651,4199999.8093,1250000.0,2018-01-31T13:45:13.343000Z
1.24649,1.2465000000000002,1000000.0,1250000.0,2018-01-31T13:45:13.893000Z
1.2465000000000002,1.24651,1200000.0477,1690000.0572,2018-01-31T13:45:14.415000Z
1.24649,1.2465000000000002,1950000.0477,1250000.0,2018-01-31T13:45:15.439000Z
1.2465000000000002,1.24651,1870000.0048,1250000.0,2018-01-31T13:45:16.857000Z
1.2465000000000002,1.24652,5550000.1907,1000000.0,2018-01-31T13:45:17.062000Z
1.24653,1.24654,2250000.0,1690000.0572,2018-01-31T13:45:18.458000Z
1.2465600000000001,1.2465700000000002,1200000.0477,1690000.0572,2018-01-31T13:45:18.771000Z
1.24653,1.24655,2890000.1049,1500000.0,2018-01-31T13:45:19.227000Z
1.24655,1.2465600000000001,1200000.0477,1250000.0,2018-01-31T13:45:19.747000Z
1.24654,1.2465600000000001,3259999.9905,1250000.0,2018-01-31T13:45:20.250000Z
1.24655,1.2465600000000001,1200000.0477,1250000.0,2018-01-31T13:45:22.714000Z
1.24655,1.2465700000000002,1120000.0048,2440000.0572,2018-01-31T13:45:23.268000Z
1.24659,1.2466000000000002,6369999.8856,1000000.0,2018-01-31T13:45:24.181000Z
1.24661,1.24662,8399999.6185,1000000.0,2018-01-31T13:45:24.606000Z
1.24663,1.24664,1500000.0,1500000.0,2018-01-31T13:45:25.348000Z
1.24664,1.24666,3369999.8856,1000000.0,2018-01-31T13:45:25.453000Z
1.24665,1.24666,2400000.0954,1690000.0572,2018-01-31T13:45:25.505000Z
1.24665,1.24666,1120000.0048,2250000.0,2018-01-31T13:45:26.474000Z
1.24662,1.24663,1200000.0477,1500000.0,2018-01-31T13:45:26.815000Z
1.24662,1.24664,12449999.8093,1000000.0,2018-01-31T13:45:27.977000Z
1.24652,1.2465600000000001,1720000.0286,1500000.0,2018-01-31T13:45:28.295000Z
1.24653,1.24654,1000000.0,1000000.0,2018-01-31T13:45:28.348000Z
1.24651,1.24652,1200000.0477,1500000.0,2018-01-31T13:45:28.681000Z
1.24649,1.2465000000000002,1200000.0477,1000000.0,2018-01-31T13:45:29.198000Z
1.2465000000000002,1.24651,1120000.0048,1250000.0,2018-01-31T13:45:29.727000Z
1.24649,1.2465000000000002,1200000.0477,1000000.0,2018-01-31T13:45:30.329000Z
1.24654,1.24655,1570000.0525,1000000.0,2018-01-31T13:45:30.785000Z
1.24655,1.2465700000000002,1570000.0525,1000000.0,2018-01-31T13:45:30.995000Z
1.24654,1.2465600000000001,7389999.8665,1250000.0,2018-01-31T13:45:31.099000Z
1.24653,1.2465600000000001,5889999.8665,1000000.0,2018-01-31T13:45:31.630000Z
1.24651,1.24653,1450000.0477,1500000.0,2018-01-31T13:45:31.943000Z
1.2465000000000002,1.24652,1000000.0,1000000.0,2018-01-31T13:45:32.060000Z
1.2464700000000002,1.24649,1500000.0,2059999.9428,2018-01-31T13:45:32.114000Z
1.24645,1.2464700000000002,2250000.0,1000000.0,2018-01-31T13:45:32.543000Z
1.2464700000000002,1.24648,1000000.0,1250000.0,2018-01-31T13:45:32.978000Z
1.24648,1.24649,1000000.0,1250000.0,2018-01-31T13:45:33.115000Z
1.24645,1.2464700000000002,1120000.0048,1690000.0572,2018-01-31T13:45:33.379000Z
1.24643,1.2464600000000001,2890000.1049,1250000.0,2018-01-31T13:45:33.536000Z
1.24642,1.24644,2619999.8856,1690000.0572,2018-01-31T13:45:33.588000Z
1.24643,1.24645,1870000.0048,1690000.0572,2018-01-31T13:45:34.096000Z
1.24639,1.24641,2099999.9046,1000000.0,2018-01-31T13:45:34.405000Z
1.2464,1.24641,1200000.0477,1000000.0,2018-01-31T13:45:34.938000Z
1.24642,1.24644,15579999.9237,1000000.0,2018-01-31T13:45:35.252000Z
1.24643,1.24644,2619999.8856,1000000.0,2018-01-31T13:45:35.784000Z
1.24644,1.24645,1120000.0048,1250000.0,2018-01-31T13:45:36.112000Z
1.2464600000000001,1.2464700000000002,2440000.0572,1000000.0,2018-01-31T13:45:36.271000Z
1.2464600000000001,1.2464700000000002,1200000.0477,1690000.0572,2018-01-31T13:45:36.795000Z
1.24649,1.2465000000000002,2250000.0,1690000.0572,2018-01-31T13:45:37.157000Z
1.2465000000000002,1.24653,1120000.0048,1120000.0048,2018-01-31T13:45:37.466000Z
1.2465000000000002,1.24652,1950000.0477,1250000.0,2018-01-31T13:45:37.600000Z
1.24648,1.2465000000000002,2619999.8856,1309999.9428,2018-01-31T13:45:38.249000Z
1.2464600000000001,1.24649,5320000.1717,1000000.0,2018-01-31T13:45:38.301000Z
1.2464700000000002,1.24648,1000000.0,2809999.9428,2018-01-31T13:45:38.352000Z
1.2464600000000001,1.2464700000000002,1950000.0477,1250000.0,2018-01-31T13:45:38.886000Z
1.2464600000000001,1.24648,1200000.0477,1309999.9428,2018-01-31T13:45:39.452000Z
1.2464700000000002,1.24648,1200000.0477,1250000.0,2018-01-31T13:45:39.989000Z
1.2465000000000002,1.24653,1200000.0477,1000000.0,2018-01-31T13:45:40.250000Z
1.24649,1.2465000000000002,2700000.0477,1000000.0,2018-01-31T13:45:40.302000Z
1.24648,1.2465000000000002,1200000.0477,1250000.0,2018-01-31T13:45:40.357000Z
1.24649,1.24651,1950000.0477,1250000.0,2018-01-31T13:45:41.125000Z
1.24652,1.24654,3750000.0,1000000.0,2018-01-31T13:45:41.330000Z
1.2465700000000002,1.24658,1950000.0477,1500000.0,2018-01-31T13:45:41.705000Z
1.2465700000000002,1.24658,1200000.0477,1000000.0,2018-01-31T13:45:42.217000Z
1.2465600000000001,1.24658,2319999.9332,1000000.0,2018-01-31T13:45:43.867000Z
1.2465600000000001,1.2465700000000002,4719999.7902,4500000.0,2018-01-31T13:45:44.460000Z
1.24669,1.2467000000000001,1120000.0048,1690000.0572,2018-01-31T13:45:44.782000Z
1.24669,1.24672,4119999.8856,1100000.0238,2018-01-31T13:45:45.024000Z
1.2466700000000002,1.24672,2250000.0,2509999.9905,2018-01-31T13:45:45.131000Z
1.24666,1.2467000000000001,7389999.8665,1000000.0,2018-01-31T13:45:45.646000Z
1.24669,1.2467000000000001,1200000.0477,1500000.0,2018-01-31T13:45:46.054000Z
1.24669,1.2467100000000002,1200000.0477,1690000.0572,2018-01-31T13:45:46.569000Z
1.24666,1.24668,1200000.0477,1000000.0,2018-01-31T13:45:46.913000Z
1.2466700000000002,1.24669,1200000.0477,1690000.0572,2018-01-31T13:45:47.250000Z
1.2466700000000002,1.24668,1200000.0477,1250000.0,2018-01-31T13:45:47.770000Z
1.24666,1.24668,1200000.0477,1500000.0,2018-01-31T13:45:50.210000Z
1.24663,1.24665,4949999.8093,2500000.0,2018-01-31T13:45:50.276000Z
1.24662,1.24663,1200000.0477,1000000.0,2018-01-31T13:45:50.472000Z
1.24662,1.24663,1950000.0477,1690000.0572,2018-01-31T13:45:51.014000Z
1.24662,1.24663,1120000.0048,1250000.0,2018-01-31T13:45:51.552000Z
1.24661,1.24663,2700000.0477,1000000.0,2018-01-31T13:45:52.085000Z
1.2466000000000002,1.24661,1950000.0477,1000000.0,2018-01-31T13:45:52.190000Z
1.24659,1.24661,1000000.0,1250000.0,2018-01-31T13:45:52.736000Z
1.24661,1.24662,1200000.0477,1000000.0,2018-01-31T13:45:52.998000Z
1.24663,1.24665,1870000.0048,1500000.0,2018-01-31T13:45:53.102000Z
1.24662,1.24663,3450000.0477,1000000.0,2018-01-31T13:45:53.206000Z
1.24663,1.24665,6940000.0572,1250000.0,2018-01-31T13:45:53.512000Z
1.24666,1.24668,3150000.0954,1000000.0,2018-01-31T13:45:53.567000Z
1.24666,1.24668,3450000.0477,1250000.0,2018-01-31T13:45:54.079000Z
1.24665,1.2466700000000002,2619999.8856,1000000.0,2018-01-31T13:45:54.994000Z
1.24666,1.2466700000000002,1200000.0477,1250000.0,2018-01-31T13:45:55.523000Z
1.24665,1.2466700000000002,5699999.8093,1250000.0,2018-01-31T13:45:56.162000Z
1.24666,1.2466700000000002,1200000.0477,1250000.0,2018-01-31T13:45:56.747000Z
1.24662,1.24665,4570000.1717,1120000.0048,2018-01-31T13:45:57.327000Z
1.24663,1.24665,1200000.0477,2059999.9428,2018-01-31T13:45:57.831000Z
1.24658,1.24659,1120000.0048,1500000.0,2018-01-31T13:45:58.337000Z
1.2465700000000002,1.24659,1000000.0,1000000.0,2018-01-31T13:45:58.393000Z
1.2465600000000001,1.24659,2700000.0477,1690000.0572,2018-01-31T13:45:58.914000Z
1.24655,1.2465700000000002,1000000.0,5440000.0572,2018-01-31T13:45:59.355000Z
1.24653,1.24655,1200000.0477,1690000.0572,2018-01-31T13:45:59.460000Z
1.24652,1.24654,1200000.0477,1250000.0,2018-01-31T13:45:59.989000Z
1.24651,1.24653,1950000.0477,1000000.0,2018-01-31T13:46:00.557000Z
1.24654,1.2465600000000001,1500000.0,4869999.8856,2018-01-31T13:46:01.072000Z
1.24655,1.2465700000000002,3450000.0477,1000000.0,2018-01-31T13:46:01.231000Z
1.2465600000000001,1.24658,4349999.9046,1000000.0,2018-01-31T13:46:01.449000Z
1.24659,1.24661,1350000.0238,2250000.0,2018-01-31T13:46:01.975000Z
1.2466000000000002,1.24662,2250000.0,3190000.0572,2018-01-31T13:46:02.080000Z
1.24661,1.24663,1200000.0477,1690000.0572,2018-01-31T13:46:02.303000Z
1.24659,1.2466000000000002,1500000.0,1500000.0,2018-01-31T13:46:02.610000Z
1.2465700000000002,1.24659,1870000.0048,1690000.0572,2018-01-31T13:46:02.968000Z
1.2465600000000001,1.24659,1950000.0477,3440000.0572,2018-01-31T13:46:03.125000Z
1.24654,1.24658,1570000.0525,3190000.0572,2018-01-31T13:46:03.284000Z
1.2465600000000001,1.24658,2700000.0477,1000000.0,2018-01-31T13:46:03.647000Z
1.24661,1.24662,1500000.0,3940000.0572,2018-01-31T13:46:04.432000Z
1.24659,1.24662,1690000.0572,6000000.0,2018-01-31T13:46:04.588000Z
1.2465600000000001,1.24659,5059999.9428,2250000.0,2018-01-31T13:46:04.745000Z
1.24655,1.2465700000000002,1120000.0048,2059999.9428,2018-01-31T13:46:04.914000Z
1.2465600000000001,1.24658,1120000.0048,1000000.0,2018-01-31T13:46:05.390000Z
1.2465700000000002,1.24659,1120000.0048,1500000.0,2018-01-31T13:46:05.443000Z
1.24655,1.24659,1950000.0477,4750000.0,2018-01-31T13:46:05.496000Z
1.24654,1.2465600000000001,2319999.9332,6000000.0,2018-01-31T13:46:06.720000Z
1.2465000000000002,1.24651,1200000.0477,1000000.0,2018-01-31T13:46:07.028000Z
1.24651,1.24652,1950000.0477,2250000.0,2018-01-31T13:46:07.337000Z
1.24654,1.2465600000000001,2700000.0477,1250000.0,2018-01-31T13:46:07.682000Z
1.24654,1.2465600000000001,1000000.0,1250000.0,2018-01-31T13:46:08.589000Z
1.24653,1.2465600000000001,1200000.0477,3059999.9428,2018-01-31T13:46:09.108000Z
1.24653,1.2465600000000001,1200000.0477,5059999.9428,2018-01-31T13:46:09.759000Z
1.24655,1.2465600000000001,1500000.0,1500000.0,2018-01-31T13:46:10.118000Z
1.24655,1.2465700000000002,4199999.8093,1000000.0,2018-01-31T13:46:10.170000Z
1.24655,1.24659,4570000.1717,2250000.0,2018-01-31T13:46:10.222000Z
1.2465600000000001,1.24659,1389999.9857,1250000.0,2018-01-31T13:46:10.747000Z
1.24655,1.24659,4570000.1717,7119999.8856,2018-01-31T13:46:11.260000Z
1.24655,1.24659,1200000.0477,5869999.8856,2018-01-31T13:46:11.918000Z
1.2465600000000001,1.24659,1870000.0048,3190000.0572,2018-01-31T13:46:11.971000Z
1.24655,1.2465700000000002,1200000.0477,7119999.8856,2018-01-31T13:46:12.233000Z
1.24651,1.2465700000000002,1570000.0525,27260000.2289,2018-01-31T13:46:12.374000Z
1.24651,1.24654,1120000.0048,2250000.0,2018-01-31T13:46:12.530000Z
1.2465000000000002,1.24651,1000000.0,2809999.9428,2018-01-31T13:46:12.837000Z
1.24653,1.24654,2250000.0,1000000.0,2018-01-31T13:46:13.198000Z
1.24655,1.2465700000000002,1870000.0048,1000000.0,2018-01-31T13:46:13.356000Z
1.24654,1.2465600000000001,2440000.0572,1250000.0,2018-01-31T13:46:13.906000Z
1.24655,1.2465600000000001,1200000.0477,1250000.0,2018-01-31T13:46:14.320000Z
1.24654,1.24655,1120000.0048,1250000.0,2018-01-31T13:46:14.423000Z
1.24652,1.24654,1950000.0477,2369999.8856,2018-01-31T13:46:15.058000Z
1.24649,1.24652,1570000.0525,2250000.0,2018-01-31T13:46:15.164000Z
1.24649,1.24652,2509999.9905,2440000.0572,2018-01-31T13:46:15.669000Z
1.24652,1.24653,1120000.0048,1250000.0,2018-01-31T13:46:15.825000Z
1.24651,1.24653,1200000.0477,1000000.0,2018-01-31T13:46:16.343000Z
1.2465000000000002,1.24651,1200000.0477,1000000.0,2018-01-31T13:46:16.652000Z
1.24651,1.24653,1000000.0,1690000.0572,2018-01-31T13:46:16.703000Z
1.24655,1.2465600000000001,1250000.0,5250000.0,2018-01-31T13:46:17.061000Z
1.24655,1.2465700000000002,3190000.0572,1009999.9905,2018-01-31T13:46:17.113000Z
1.2465700000000002,1.24658,1120000.0048,1250000.0,2018-01-31T13:46:17.255000Z
1.2465600000000001,1.24658,2890000.1049,1250000.0,2018-01-31T13:46:18.016000Z
1.24658,1.2466000000000002,1250000.0,1250000.0,2018-01-31T13:46:18.494000Z
1.24659,1.24661,1950000.0477,1000000.0,2018-01-31T13:46:18.548000Z
1.24658,1.2466000000000002,6829999.9237,1250000.0,2018-01-31T13:46:18.600000Z
1.2466000000000002,1.24662,5320000.1717,1250000.0,2018-01-31T13:46:19.058000Z
1.24661,1.24664,3450000.0477,3000000.0,2018-01-31T13:46:19.430000Z
1.2466000000000002,1.24662,4570000.1717,1250000.0,2018-01-31T13:46:19.707000Z
1.2466000000000002,1.24662,1000000.0,1000000.0,2018-01-31T13:46:20.580000Z
1.2466000000000002,1.24663,1200000.0477,2619999.8856,2018-01-31T13:46:20.634000Z
1.24659,1.24662,1120000.0048,3750000.0,2018-01-31T13:46:21.107000Z
1.2465700000000002,1.2466000000000002,1950000.0477,3750000.0,2018-01-31T13:46:21.213000Z
1.24659,1.24661,2619999.8856,1000000.0,2018-01-31T13:46:21.477000Z
1.2466000000000002,1.24663,1200000.0477,1690000.0572,2018-01-31T13:46:21.652000Z
1.24662,1.24663,1120000.0048,2440000.0572,2018-01-31T13:46:23.153000Z
1.24661,1.24663,2140000.1049,1250000.0,2018-01-31T13:46:23.688000Z
1.24661,1.24663,2140000.1049,1250000.0,2018-01-31T13:46:24.216000Z
1.24661,1.24663,1690000.0572,1250000.0,2018-01-31T13:46:24.740000Z
1.24659,1.24661,3000000.0,2619999.8856,2018-01-31T13:46:25.116000Z
1.2466000000000002,1.24663,4579999.9237,1250000.0,2018-01-31T13:46:25.474000Z
1.24663,1.24665,1120000.0048,3000000.0,2018-01-31T13:46:25.609000Z
1.24663,1.24664,1120000.0048,1000000.0,2018-01-31T13:46:26.128000Z
1.24662,1.24663,1250000.0,1250000.0,2018-01-31T13:46:26.558000Z
1.24662,1.24664,1570000.0525,1250000.0,2018-01-31T13:46:27.076000Z
1.24661,1.24663,7199999.8093,1250000.0,2018-01-31T13:46:27.643000Z
1.24664,1.24666,1000000.0,2619999.8856,2018-01-31T13:46:28.160000Z
1.24666,1.2466700000000002,2849999.9046,1500000.0,2018-01-31T13:46:28.214000Z
1.24665,1.24668,1200000.0477,3000000.0,2018-01-31T13:46:28.475000Z
1.24663,1.2466700000000002,7349999.9046,1500000.0,2018-01-31T13:46:28.529000Z
1.24663,1.24665,2250000.0,1500000.0,2018-01-31T13:46:28.583000Z
1.24666,1.2466700000000002,1000000.0,1250000.0,2018-01-31T13:46:28.919000Z
1.24665,1.2466700000000002,4119999.8856,1250000.0,2018-01-31T13:46:29.558000Z
1.2466700000000002,1.24668,1000000.0,1250000.0,2018-01-31T13:46:30.142000Z
1.2467000000000001,1.24672,3069999.9332,1000000.0,2018-01-31T13:46:30.508000Z
1.24672,1.24673,1000000.0,1250000.0,2018-01-31T13:46:30.931000Z
1.24673,1.24674,1000000.0,1250000.0,2018-01-31T13:46:30.983000Z
1.2467100000000002,1.24674,4010000.2289,1250000.0,2018-01-31T13:46:31.508000Z
1.2467000000000001,1.24674,1950000.0477,5309999.9428,2018-01-31T13:46:32.025000Z
1.24666,1.2467100000000002,5889999.8665,1500000.0,2018-01-31T13:46:32.449000Z
1.24668,1.2467100000000002,7130000.1144,1250000.0,2018-01-31T13:46:33.079000Z
1.24668,1.2467100000000002,4309999.9428,1000000.0,2018-01-31T13:46:33.131000Z
1.24669,1.2467100000000002,7010000.2289,1000000.0,2018-01-31T13:46:33.185000Z
1.24675,1.2467700000000002,1120000.0048,1500000.0,2018-01-31T13:46:33.432000Z
1.2467700000000002,1.24679,4489999.7711,5320000.1717,2018-01-31T13:46:33.483000Z
1.24678,1.2468000000000001,3750000.0,1759999.9905,2018-01-31T13:46:33.587000Z
1.24679,1.2468100000000002,5699999.8093,1000000.0,2018-01-31T13:46:34.095000Z
1.2468000000000001,1.24682,2329999.9237,1250000.0,2018-01-31T13:46:34.560000Z
1.2468000000000001,1.2468299999999999,3750000.0,1000000.0,2018-01-31T13:46:34.914000Z
1.2468000000000001,1.2468100000000002,1000000.0,1500000.0,2018-01-31T13:46:34.970000Z
1.24679,1.2468100000000002,4199999.8093,1000000.0,2018-01-31T13:46:35.671000Z
1.2468000000000001,1.24682,1120000.0048,1000000.0,2018-01-31T13:46:36.218000Z
1.2468000000000001,1.2468299999999999,1950000.0477,1000000.0,2018-01-31T13:46:37.469000Z
1.24679,1.2468100000000002,1000000.0,1570000.0525,2018-01-31T13:46:37.973000Z
1.24675,1.24679,5250000.0,2250000.0,2018-01-31T13:46:38.180000Z
1.24675,1.24676,1000000.0,1500000.0,2018-01-31T13:46:38.339000Z
1.2467100000000002,1.24676,1500000.0,7010000.2289,2018-01-31T13:46:38.511000Z
1.2467100000000002,1.24674,1500000.0,1000000.0,2018-01-31T13:46:38.563000Z
1.24669,1.24673,1000000.0,1000000.0,2018-01-31T13:46:38.874000Z
1.24668,1.2467100000000002,2319999.9332,1000000.0,2018-01-31T13:46:38.978000Z
1.2466700000000002,1.2467100000000002,2250000.0,2440000.0572,2018-01-31T13:46:40.101000Z
1.24669,1.2467100000000002,3190000.0572,1000000.0,2018-01-31T13:46:40.152000Z
1.24669,1.24672,8979999.5422,1000000.0,2018-01-31T13:46:40.307000Z
1.2467000000000001,1.24672,2059999.9428,1250000.0,2018-01-31T13:46:40.818000Z
1.24672,1.24673,3190000.0572,1000000.0,2018-01-31T13:46:41.314000Z
1.24673,1.2467700000000002,3559999.9428,3450000.0477,2018-01-31T13:46:41.416000Z
1.24673,1.24675,4119999.8856,1000000.0,2018-01-31T13:46:41.468000Z
1.24673,1.24676,2619999.8856,1000000.0,2018-01-31T13:46:42.444000Z
1.24674,1.24678,2230000.0191,2700000.0477,2018-01-31T13:46:42.652000Z
1.24674,1.2467700000000002,3369999.8856,1200000.0477,2018-01-31T13:46:44.193000Z
1.24672,1.24675,1870000.0048,3640000.1049,2018-01-31T13:46:44.350000Z
1.2467000000000001,1.24675,6820000.1717,4389999.8665,2018-01-31T13:46:44.402000Z
1.2467100000000002,1.24675,1000000.0,7389999.8665,2018-01-31T13:46:45.611000Z
1.24669,1.24673,3000000.0,1440000.0572,2018-01-31T13:46:46.285000Z
1.24672,1.24674,3410000.0858,3069999.9332,2018-01-31T13:46:47.313000Z
1.24675,1.24679,1000000.0,1950000.0477,2018-01-31T13:46:47.492000Z
1.24675,1.24679,1000000.0,3450000.0477,2018-01-31T13:46:48.018000Z
1.24674,1.24678,1990000.0095,1389999.9857,2018-01-31T13:46:48.558000Z
1.24674,1.24678,2170000.0763,1200000.0477,2018-01-31T13:46:50.129000Z
1.24674,1.24678,1000000.0,2509999.9905,2018-01-31T13:46:50.638000Z
1.24672,1.2467700000000002,4949999.8093,3640000.1049,2018-01-31T13:46:51.332000Z
1.24672,1.24678,6559999.9428,4760000.2289,2018-01-31T13:46:52.294000Z
1.24673,1.24678,3380000.1144,2140000.1049,2018-01-31T13:46:52.346000Z
1.24674,1.24678,1000000.0,2140000.1049,2018-01-31T13:46:52.942000Z
1.24673,1.24678,6940000.0572,1759999.9905,2018-01-31T13:46:53.780000Z
1.24672,1.24676,1000000.0,1200000.0477,2018-01-31T13:46:54.094000Z
1.24675,1.24676,1120000.0048,1000000.0,2018-01-31T13:46:54.413000Z
1.24675,1.2468000000000001,6940000.0572,2319999.9332,2018-01-31T13:46:54.570000Z
1.24678,1.24682,1250000.0,3259999.9905,2018-01-31T13:46:54.725000Z
1.24679,1.2468100000000002,3750000.0,1120000.0048,2018-01-31T13:46:55.345000Z
1.2468000000000001,1.24684,1000000.0,3640000.1049,2018-01-31T13:46:55.520000Z
1.2468000000000001,1.2468299999999999,1200000.0477,1000000.0,2018-01-31T13:46:56.047000Z
1.2468000000000001,1.24684,1000000.0,4309999.9428,2018-01-31T13:46:57.313000Z
1.2468000000000001,1.2468299999999999,1000000.0,1000000.0,2018-01-31T13:46:58.019000Z
1.2468000000000001,1.24682,1500000.0,1000000.0,2018-01-31T13:46:58.559000Z
1.2468000000000001,1.2468299999999999,1500000.0,2250000.0,2018-01-31T13:46:58.665000Z
1.2468000000000001,1.24682,1000000.0,1000000.0,2018-01-31T13:46:59.168000Z
1.2468100000000002,1.24684,2250000.0,1000000.0,2018-01-31T13:46:59.377000Z
1.2468000000000001,1.2468299999999999,3369999.8856,1000000.0,2018-01-31T13:46:59.896000Z
1.2468000000000001,1.24684,1870000.0048,3369999.8856,2018-01-31T13:47:00.995000Z
1.2468000000000001,1.24684,3750000.0,6190000.0572,2018-01-31T13:47:02.396000Z
1.2468000000000001,1.24684,3369999.8856,5250000.0,2018-01-31T13:47:02.904000Z
1.2468299999999999,1.24684,1500000.0,1500000.0,2018-01-31T13:47:03.641000Z
1.24685,1.24688,1120000.0048,1120000.0048,2018-01-31T13:47:03.697000Z
1.24685,1.2468700000000001,1870000.0048,1000000.0,2018-01-31T13:47:04.217000Z
1.24685,1.24688,2619999.8856,1500000.0,2018-01-31T13:47:04.736000Z
1.24686,1.2468700000000001,1000000.0,1000000.0,2018-01-31T13:47:08.008000Z
1.24693,1.24694,28719999.3134,1009999.9905,2018-01-31T13:47:09.366000Z
1.24695,1.2469700000000001,1120000.0048,1000000.0,2018-01-31T13:47:09.420000Z
1.2469700000000001,1.24699,9640000.3433,1120000.0048,2018-01-31T13:47:09.582000Z
1.24696,1.2469700000000001,1500000.0,1690000.0572,2018-01-31T13:47:09.897000Z
1.24694,1.24698,7570000.1717,3369999.8856,2018-01-31T13:47:10.158000Z
1.24695,1.24698,1570000.0525,2440000.0572,2018-01-31T13:47:10.686000Z
1.24698,1.247,3279999.9714,1200000.0477,2018-01-31T13:47:11.096000Z
1.24696,1.247,2319999.9332,2700000.0477,2018-01-31T13:47:11.301000Z
1.24698,1.24699,1500000.0,1000000.0,2018-01-31T13:47:11.662000Z
1.2469700000000001,1.247,3750000.0,2619999.8856,2018-01-31T13:47:12.225000Z
1.2469700000000001,1.24699,1000000.0,1000000.0,2018-01-31T13:47:12.416000Z
1.24698,1.2470200000000002,4500000.0,3940000.0572,2018-01-31T13:47:12.468000Z
1.24696,1.24698,2700000.0477,1000000.0,2018-01-31T13:47:12.623000Z
1.24695,1.2469700000000001,2619999.8856,1250000.0,2018-01-31T13:47:12.676000Z
1.24693,1.2469700000000001,4949999.8093,1690000.0572,2018-01-31T13:47:12.882000Z
1.24693,1.24694,1570000.0525,1000000.0,2018-01-31T13:47:13.429000Z
1.24689,1.24692,6449999.8093,1000000.0,2018-01-31T13:47:13.533000Z
1.24689,1.2469100000000002,1000000.0,1190000.0572,2018-01-31T13:47:13.984000Z
1.2468700000000001,1.2469100000000002,1950000.0477,1000000.0,2018-01-31T13:47:14.037000Z
1.24686,1.2469000000000001,7949999.8093,1500000.0,2018-01-31T13:47:14.555000Z
1.24686,1.24688,2250000.0,1500000.0,2018-01-31T13:47:14.893000Z
1.24682,1.24686,3369999.8856,2809999.9428,2018-01-31T13:47:14.996000Z
1.24685,1.24686,2250000.0,2250000.0,2018-01-31T13:47:15.049000Z
1.24685,1.24689,7010000.2289,1000000.0,2018-01-31T13:47:15.153000Z
1.24686,1.24689,10199999.8093,1000000.0,2018-01-31T13:47:16.146000Z
1.24685,1.24688,5699999.8093,1000000.0,2018-01-31T13:47:16.345000Z
1.24684,1.24689,3900000.0954,1250000.0,2018-01-31T13:47:16.603000Z
1.24685,1.24688,1500000.0,1250000.0,2018-01-31T13:47:17.195000Z
1.24684,1.24689,7389999.8665,1690000.0572,2018-01-31T13:47:17.706000Z
1.2468700000000001,1.24689,3000000.0,1000000.0,2018-01-31T13:47:18.063000Z
1.24686,1.24689,1100000.0238,3559999.9428,2018-01-31T13:47:18.266000Z
1.24685,1.24689,2619999.8856,5809999.9428,2018-01-31T13:47:18.872000Z
1.24685,1.24689,2250000.0,4500000.0,2018-01-31T13:47:19.421000Z
1.24685,1.24688,1500000.0,1009999.9905,2018-01-31T13:47:19.939000Z
1.2468700000000001,1.24689,2619999.8856,1950000.0477,2018-01-31T13:47:21.233000Z
1.24689,1.24693,4500000.0,4010000.2289,2018-01-31T13:47:21.514000Z
1.2468700000000001,1.2469100000000002,1950000.0477,1250000.0,2018-01-31T13:47:21.669000Z
1.24686,1.2469000000000001,1649999.9762,3190000.0572,2018-01-31T13:47:22.078000Z
1.24685,1.24689,1000000.0,1250000.0,2018-01-31T13:47:22.624000Z
1.24685,1.24688,1120000.0048,1000000.0,2018-01-31T13:47:23.289000Z
1.24685,1.24689,2400000.0954,2059999.9428,2018-01-31T13:47:23.916000Z
1.24686,1.24689,1000000.0,1690000.0572,2018-01-31T13:47:24.476000Z
1.24685,1.24689,2250000.0,1250000.0,2018-01-31T13:47:25.915000Z
1.24685,1.24688,2019999.9809,1250000.0,2018-01-31T13:47:26.786000Z
1.2468000000000001,1.24684,7949999.8093,1389999.9857,2018-01-31T13:47:27.098000Z
1.2468100000000002,1.2468299999999999,1120000.0048,1389999.9857,2018-01-31T13:47:27.654000Z
1.2468000000000001,1.24684,3450000.0477,1120000.0048,2018-01-31T13:47:29.108000Z
1.2468000000000001,1.24684,3069999.9332,1120000.0048,2018-01-31T13:47:31.984000Z
1.2468100000000002,1.24684,4869999.8856,1000000.0,2018-01-31T13:47:32.396000Z
1.24682,1.24684,4389999.8665,1250000.0,2018-01-31T13:47:33.335000Z
1.2468700000000001,1.24689,1500000.0,1500000.0,2018-01-31T13:47:33.541000Z
1.24688,1.24689,1000000.0,1000000.0,2018-01-31T13:47:34.093000Z
1.24689,1.2469100000000002,1000000.0,1500000.0,2018-01-31T13:47:34.199000Z
1.24688,1.2469000000000001,2319999.9332,4000000.0,2018-01-31T13:47:37.810000Z
1.2468700000000001,1.24688,1000000.0,2250000.0,2018-01-31T13:47:37.972000Z
1.24686,1.24689,1870000.0048,5250000.0,2018-01-31T13:47:38.522000Z
1.24686,1.2468700000000001,1000000.0,1500000.0,2018-01-31T13:47:38.865000Z
1.2468299999999999,1.24685,1000000.0,1500000.0,2018-01-31T13:47:39.178000Z
1.24682,1.24684,3000000.0,1000000.0,2018-01-31T13:47:39.720000Z
1.24682,1.24685,2250000.0,1500000.0,2018-01-31T13:47:41.092000Z
1.2468299999999999,1.24685,1000000.0,1500000.0,2018-01-31T13:47:42.102000Z
1.24685,1.2468700000000001,1120000.0048,1000000.0,2018-01-31T13:47:42.372000Z
1.24685,1.24689,1120000.0048,4119999.8856,2018-01-31T13:47:42.577000Z
1.24686,1.24689,1000000.0,3750000.0,2018-01-31T13:47:43.101000Z
1.24686,1.24688,1000000.0,2250000.0,2018-01-31T13:47:43.699000Z
1.24686,1.24689,1000000.0,3369999.8856,2018-01-31T13:47:44.373000Z
1.24686,1.24688,1000000.0,1000000.0,2018-01-31T13:47:45.508000Z
1.24684,1.24688,3900000.0954,1000000.0,2018-01-31T13:47:45.612000Z
1.24684,1.24686,2400000.0954,1000000.0,2018-01-31T13:47:45.893000Z
1.24684,1.2468700000000001,1649999.9762,1100000.0238,2018-01-31T13:47:46.447000Z
1.2468100000000002,1.24685,1870000.0048,1500000.0,2018-01-31T13:47:46.623000Z
1.2468000000000001,1.24682,2099999.9046,1000000.0,2018-01-31T13:47:46.884000Z
1.2467700000000002,1.2468000000000001,3000000.0,1000000.0,2018-01-31T13:47:46.988000Z
1.24676,1.24678,1000000.0,1500000.0,2018-01-31T13:47:47.468000Z
1.2467100000000002,1.24674,3000000.0,1000000.0,2018-01-31T13:47:47.725000Z
1.2467100000000002,1.24673,1000000.0,1000000.0,2018-01-31T13:47:48.256000Z
1.24669,1.24672,1100000.0238,1870000.0048,2018-01-31T13:47:48.412000Z
1.2467100000000002,1.24672,1000000.0,1120000.0048,2018-01-31T13:47:48.671000Z
1.24679,1.2468100000000002,1870000.0048,1000000.0,2018-01-31T13:47:48.977000Z
1.24679,1.2468299999999999,1500000.0,1120000.0048,2018-01-31T13:47:49.029000Z
1.2468000000000001,1.2468299999999999,1870000.0048,1250000.0,2018-01-31T13:47:49.081000Z
1.2468100000000002,1.24682,1120000.0048,1000000.0,2018-01-31T13:47:49.837000Z
1.2468100000000002,1.2468299999999999,1500000.0,1000000.0,2018-01-31T13:47:50.917000Z
1.24682,1.24685,1000000.0,1309999.9428,2018-01-31T13:47:50.969000Z
1.24682,1.24684,1000000.0,1000000.0,2018-01-31T13:47:52.079000Z
1.24682,1.24685,1000000.0,4389999.8665,2018-01-31T13:47:52.934000Z
1.2468100000000002,1.24685,1000000.0,5889999.8665,2018-01-31T13:47:53.446000Z
1.24682,1.24685,1000000.0,5139999.8665,2018-01-31T13:47:53.885000Z
1.24682,1.24685,1000000.0,8140000.3433,2018-01-31T13:47:53.989000Z
1.2468299999999999,1.24684,1000000.0,1000000.0,2018-01-31T13:47:54.515000Z
1.2468299999999999,1.24685,1000000.0,1389999.9857,2018-01-31T13:47:55.039000Z
1.2468100000000002,1.24685,4500000.0,1389999.9857,2018-01-31T13:47:55.197000Z
1.24682,1.24685,1500000.0,1000000.0,2018-01-31T13:47:55.713000Z
1.24682,1.24685,1000000.0,1450000.0477,2018-01-31T13:47:56.302000Z
1.24682,1.24685,2250000.0,1000000.0,2018-01-31T13:47:56.830000Z
1.24682,1.24685,3000000.0,1700000.0477,2018-01-31T13:47:57.366000Z
1.2468000000000001,1.2468299999999999,2549999.9523,6750000.0,2018-01-31T13:47:57.781000Z
1.2467700000000002,1.24679,1000000.0,1200000.0477,2018-01-31T13:47:57.835000Z
1.24675,1.2467700000000002,1000000.0,2250000.0,2018-01-31T13:47:57.944000Z
1.24675,1.24679,2250000.0,1200000.0477,2018-01-31T13:47:58.147000Z
1.24675,1.2467700000000002,1000000.0,4869999.8856,2018-01-31T13:47:58.625000Z
1.24672,1.24675,1000000.0,3000000.0,2018-01-31T13:47:58.731000Z
1.2467100000000002,1.24672,1000000.0,1000000.0,2018-01-31T13:47:58.784000Z
1.2467100000000002,1.24673,1000000.0,1200000.0477,2018-01-31T13:47:59.323000Z
1.2467000000000001,1.24674,1299999.9523,3069999.9332,2018-01-31T13:47:59.841000Z
1.2467100000000002,1.24673,1500000.0,1000000.0,2018-01-31T13:48:00.269000Z
1.2467000000000001,1.24675,6070000.1717,1690000.0572,2018-01-31T13:48:00.784000Z
1.2467000000000001,1.24675,14470000.267,1000000.0,2018-01-31T13:48:01.409000Z
1.2467100000000002,1.24675,3150000.0954,1000000.0,2018-01-31T13:48:01.824000Z
1.24673,1.2467700000000002,1200000.0477,1950000.0477,2018-01-31T13:48:01.928000Z
1.24673,1.24676,3819999.9332,1500000.0,2018-01-31T13:48:02.475000Z
1.24675,1.24676,1000000.0,1000000.0,2018-01-31T13:48:03.738000Z
1.24675,1.24679,1950000.0477,3819999.9332,2018-01-31T13:48:03.845000Z
1.24675,1.24679,1120000.0048,1000000.0,2018-01-31T13:48:04.395000Z
1.24676,1.24679,1000000.0,1500000.0,2018-01-31T13:48:05.786000Z
1.24675,1.24679,2619999.8856,1500000.0,2018-01-31T13:48:06.316000Z
1.2467700000000002,1.24679,1120000.0048,1000000.0,2018-01-31T13:48:07.647000Z
1.24682,1.24685,1309999.9428,1200000.0477,2018-01-31T13:48:07.888000Z
1.2468299999999999,1.2468700000000001,1950000.0477,4690000.0572,2018-01-31T13:48:07.997000Z
1.2468100000000002,1.24685,6519999.9809,1500000.0,2018-01-31T13:48:08.258000Z
1.2468000000000001,1.2468100000000002,1200000.0477,1000000.0,2018-01-31T13:48:08.686000Z
1.24678,1.2468000000000001,1370000.0048,1000000.0,2018-01-31T13:48:08.739000Z
1.24676,1.24679,3450000.0477,1000000.0,2018-01-31T13:48:08.792000Z
1.24679,1.2468100000000002,1000000.0,1870000.0048,2018-01-31T13:48:09Z
1.2467700000000002,1.2468000000000001,1000000.0,1120000.0048,2018-01-31T13:48:09.402000Z
1.2467700000000002,1.24678,1000000.0,1000000.0,2018-01-31T13:48:09.454000Z
1.24678,1.2468000000000001,1200000.0477,1000000.0,2018-01-31T13:48:09.609000Z
1.24675,1.24678,3150000.0954,1500000.0,2018-01-31T13:48:10.069000Z
1.24679,1.2468100000000002,1500000.0,1120000.0048,2018-01-31T13:48:10.393000Z
1.2467700000000002,1.2468100000000002,1100000.0238,4690000.0572,2018-01-31T13:48:10.802000Z
1.24676,1.24679,1120000.0048,2440000.0572,2018-01-31T13:48:11.126000Z
1.24676,1.24678,1100000.0238,1000000.0,2018-01-31T13:48:12.285000Z
1.24676,1.24679,1100000.0238,1000000.0,2018-01-31T13:48:12.812000Z
1.24675,1.24678,6449999.8093,1000000.0,2018-01-31T13:48:13.484000Z
1.24675,1.2467700000000002,5320000.1717,1000000.0,2018-01-31T13:48:13.792000Z
1.2468000000000001,1.24684,1870000.0048,2440000.0572,2018-01-31T13:48:14.105000Z
1.2468100000000002,1.2468299999999999,1120000.0048,1250000.0,2018-01-31T13:48:14.618000Z
1.24682,1.24684,7130000.1144,1000000.0,2018-01-31T13:48:15.162000Z
1.2468100000000002,1.24684,1500000.0,1120000.0048,2018-01-31T13:48:16.201000Z
1.2468100000000002,1.2468299999999999,2319999.9332,1000000.0,2018-01-31T13:48:17.197000Z
1.2468100000000002,1.24684,2700000.0477,2059999.9428,2018-01-31T13:48:17.964000Z
1.2468100000000002,1.2468299999999999,1120000.0048,3000000.0,2018-01-31T13:48:18.481000Z
1.2468000000000001,1.24682,2250000.0,1000000.0,2018-01-31T13:48:18.535000Z
1.2468000000000001,1.24682,1500000.0,1000000.0,2018-01-31T13:48:19.065000Z
1.2468000000000001,1.24682,3599999.9046,1000000.0,2018-01-31T13:48:19.580000Z
1.24676,1.24679,3750000.0,1000000.0,2018-01-31T13:48:19.770000Z
1.24675,1.24678,6219999.7902,1690000.0572,2018-01-31T13:48:20.286000Z
1.24672,1.24676,3819999.9332,2470000.0286,2018-01-31T13:48:20.389000Z
1.24672,1.24675,1500000.0,1690000.0572,2018-01-31T13:48:20.500000Z
1.2467100000000002,1.24673,1870000.0048,1000000.0,2018-01-31T13:48:21.011000Z
1.2467000000000001,1.24674,3599999.9046,1000000.0,2018-01-31T13:48:21.544000Z
1.2467100000000002,1.24674,1000000.0,1870000.0048,2018-01-31T13:48:22.102000Z
1.2467000000000001,1.24674,3750000.0,1870000.0048,2018-01-31T13:48:22.656000Z
1.2467100000000002,1.24674,1000000.0,1120000.0048,2018-01-31T13:48:23.219000Z
1.2467100000000002,1.24672,1000000.0,1000000.0,2018-01-31T13:48:24.106000Z
1.2467000000000001,1.24674,5320000.1717,1500000.0,2018-01-31T13:48:24.483000Z
1.24672,1.24675,3000000.0,4119999.8856,2018-01-31T13:48:24.743000Z
1.2467100000000002,1.24675,3000000.0,3000000.0,2018-01-31T13:48:25.348000Z
1.24674,1.24675,2250000.0,1500000.0,2018-01-31T13:48:25.706000Z
1.24672,1.2467700000000002,6070000.1717,5960000.0381,2018-01-31T13:48:26.237000Z
1.24672,1.2467700000000002,6070000.1717,5019999.9809,2018-01-31T13:48:27.202000Z
1.24675,1.2467700000000002,3000000.0,1000000.0,2018-01-31T13:48:27.624000Z
1.24675,1.24678,8250000.0,1000000.0,2018-01-31T13:48:27.676000Z
1.24674,1.24678,2619999.8856,1000000.0,2018-01-31T13:48:27.728000Z
1.24674,1.24678,1500000.0,7949999.8093,2018-01-31T13:48:27.934000Z
1.2467100000000002,1.24674,2319999.9332,1500000.0,2018-01-31T13:48:28.257000Z
1.24673,1.24674,1000000.0,1000000.0,2018-01-31T13:48:28.726000Z
1.24675,1.2467700000000002,1870000.0048,3000000.0,2018-01-31T13:48:28.924000Z
1.24676,1.2467700000000002,1120000.0048,1000000.0,2018-01-31T13:48:29.437000Z
1.24674,1.2467700000000002,4500000.0,1000000.0,2018-01-31T13:48:30.596000Z
1.24676,1.24678,1250000.0,3000000.0,2018-01-31T13:48:30.648000Z
1.2468000000000001,1.24682,3259999.9905,1000000.0,2018-01-31T13:48:30.962000Z
1.2468100000000002,1.24684,1250000.0,1000000.0,2018-01-31T13:48:31.099000Z
1.2468000000000001,1.24684,12449999.8093,1000000.0,2018-01-31T13:48:32.430000Z
1.2468100000000002,1.24684,1500000.0,1000000.0,2018-01-31T13:48:33.423000Z
1.2468000000000001,1.24684,5699999.8093,3450000.0477,2018-01-31T13:48:33.942000Z
1.2468000000000001,1.24684,3819999.9332,3000000.0,2018-01-31T13:48:34.469000Z
1.2468000000000001,1.24684,6639999.8665,1500000.0,2018-01-31T13:48:35.666000Z
1.24682,1.24684,1200000.0477,2619999.8856,2018-01-31T13:48:35.770000Z
1.24682,1.24685,2319999.9332,3369999.8856,2018-01-31T13:48:36.288000Z
1.2468100000000002,1.24684,1000000.0,1200000.0477,2018-01-31T13:48:36.825000Z
1.2468000000000001,1.2468299999999999,3000000.0,1120000.0048,2018-01-31T13:48:37.635000Z
1.24679,1.2468299999999999,3190000.0572,1950000.0477,2018-01-31T13:48:37.891000Z
1.24679,1.2468100000000002,1120000.0048,1200000.0477,2018-01-31T13:48:38.150000Z
1.2467700000000002,1.2468000000000001,1870000.0048,4199999.8093,2018-01-31T13:48:38.620000Z
1.2467700000000002,1.24679,2250000.0,1200000.0477,2018-01-31T13:48:39.121000Z
1.24676,1.24678,4119999.8856,1000000.0,2018-01-31T13:48:40.323000Z
1.24676,1.24679,1000000.0,1500000.0,2018-01-31T13:48:40.858000Z
1.24676,1.2467700000000002,1120000.0048,1000000.0,2018-01-31T13:48:41.686000Z
1.24674,1.2467700000000002,6940000.0572,1250000.0,2018-01-31T13:48:42.202000Z
1.24674,1.2467700000000002,8289999.9619,1250000.0,2018-01-31T13:48:42.751000Z
1.24672,1.24673,1120000.0048,2140000.1049,2018-01-31T13:48:43.078000Z
1.2467000000000001,1.24672,3000000.0,1250000.0,2018-01-31T13:48:44.026000Z
1.2467000000000001,1.24672,1500000.0,1250000.0,2018-01-31T13:48:44.078000Z
1.24674,1.24675,6750000.0,3069999.9332,2018-01-31T13:48:44.535000Z
1.24675,1.24676,9970000.267,1000000.0,2018-01-31T13:48:44.642000Z
1.2467700000000002,1.24678,1350000.0238,1000000.0,2018-01-31T13:48:44.796000Z
1.2467700000000002,1.24679,1350000.0238,3450000.0477,2018-01-31T13:48:44.950000Z
1.24675,1.24679,3369999.8856,1950000.0477,2018-01-31T13:48:45.052000Z
1.24675,1.2467700000000002,1870000.0048,1000000.0,2018-01-31T13:48:45.692000Z
1.24675,1.24678,2019999.9809,1120000.0048,2018-01-31T13:48:47.359000Z
1.24675,1.2467700000000002,2250000.0,1120000.0048,2018-01-31T13:48:49.331000Z
1.24675,1.24678,2250000.0,1200000.0477,2018-01-31T13:48:50.664000Z
1.24676,1.24678,1000000.0,1200000.0477,2018-01-31T13:48:53.717000Z
1.24675,1.24678,3369999.8856,1200000.0477,2018-01-31T13:48:54.257000Z
1.24675,1.24679,9340000.1526,3259999.9905,2018-01-31T13:48:54.797000Z
1.2467700000000002,1.24678,2250000.0,1000000.0,2018-01-31T13:48:55.135000Z
1.2467700000000002,1.24679,1000000.0,1000000.0,2018-01-31T13:48:55.893000Z
1.24676,1.24678,2250000.0,1000000.0,2018-01-31T13:48:56.399000Z
1.24679,1.2468000000000001,1120000.0048,1120000.0048,2018-01-31T13:48:56.816000Z
1.24679,1.24682,4500000.0,2700000.0477,2018-01-31T13:48:56.922000Z
1.24676,1.2468000000000001,2700000.0477,1250000.0,2018-01-31T13:48:57.286000Z
1.24676,1.24678,1000000.0,2140000.1049,2018-01-31T13:48:57.598000Z
1.24674,1.24678,9899999.6185,3640000.1049,2018-01-31T13:48:58.106000Z
1.24674,1.2467700000000002,1120000.0048,1950000.0477,2018-01-31T13:48:58.599000Z
1.24675,1.2467700000000002,1000000.0,1950000.0477,2018-01-31T13:48:59.129000Z
1.2467700000000002,1.24679,1500000.0,1000000.0,2018-01-31T13:48:59.714000Z
1.2468000000000001,1.2468100000000002,1000000.0,1000000.0,2018-01-31T13:48:59.973000Z
1.2468000000000001,1.24682,1000000.0,1500000.0,2018-01-31T13:49:00.486000Z
1.24679,1.24682,13689999.5804,1000000.0,2018-01-31T13:49:01.004000Z
1.2468000000000001,1.24682,3000000.0,1000000.0,2018-01-31T13:49:01.619000Z
1.24675,1.24678,6750000.0,1200000.0477,2018-01-31T13:49:02.127000Z
1.24675,1.24678,1500000.0,1309999.9428,2018-01-31T13:49:02.799000Z
1.24673,1.2467700000000002,6750000.0,2140000.1049,2018-01-31T13:49:04.278000Z
1.24672,1.24675,1000000.0,5320000.1717,2018-01-31T13:49:04.481000Z
1.2467000000000001,1.24673,4869999.8856,1000000.0,2018-01-31T13:49:04.688000Z
1.2467000000000001,1.24674,1870000.0048,3259999.9905,2018-01-31T13:49:05.655000Z
1.2467000000000001,1.24673,3000000.0,1870000.0048,2018-01-31T13:49:06.179000Z
1.24669,1.24672,1500000.0,1000000.0,2018-01-31T13:49:07.338000Z
1.24669,1.2467100000000002,1000000.0,1200000.0477,2018-01-31T13:49:07.856000Z
1.24669,1.24672,1950000.0477,3750000.0,2018-01-31T13:49:10.007000Z
1.24668,1.2467000000000001,1570000.0525,1120000.0048,2018-01-31T13:49:10.112000Z
1.24666,1.24669,1570000.0525,1500000.0,2018-01-31T13:49:10.275000Z
1.24664,1.2466700000000002,2700000.0477,1000000.0,2018-01-31T13:49:10.331000Z
1.24663,1.24665,1120000.0048,1000000.0,2018-01-31T13:49:10.703000Z
1.24661,1.24664,1200000.0477,1000000.0,2018-01-31T13:49:10.811000Z
1.24661,1.24665,1200000.0477,7500000.0,2018-01-31T13:49:11.329000Z
1.24661,1.24664,1200000.0477,2250000.0,2018-01-31T13:49:11.934000Z
1.24661,1.24665,1200000.0477,8250000.0,2018-01-31T13:49:12.834000Z
1.24661,1.24662,1200000.0477,1250000.0,2018-01-31T13:49:13.144000Z
1.24659,1.24661,3000000.0,2250000.0,2018-01-31T13:49:13.251000Z
1.24655,1.2466000000000002,1950000.0477,8060000.4196,2018-01-31T13:49:13.451000Z
1.24655,1.24659,1950000.0477,2250000.0,2018-01-31T13:49:13.983000Z
1.24655,1.24659,2200000.0477,1500000.0,2018-01-31T13:49:14.035000Z
1.24655,1.24658,2569999.9332,1000000.0,2018-01-31T13:49:14.847000Z
1.24652,1.2465600000000001,3450000.0477,6190000.0572,2018-01-31T13:49:15.005000Z
1.24651,1.24654,2700000.0477,1250000.0,2018-01-31T13:49:15.260000Z
1.24652,1.24655,3970000.0286,1500000.0,2018-01-31T13:49:15.573000Z
1.24653,1.2465700000000002,5250000.0,1120000.0048,2018-01-31T13:49:15.782000Z
1.24655,1.24658,3670000.0763,2250000.0,2018-01-31T13:49:16.056000Z
1.24655,1.24659,12449999.8093,1120000.0048,2018-01-31T13:49:16.163000Z
1.24658,1.24659,1000000.0,1000000.0,2018-01-31T13:49:16.424000Z
1.24659,1.24661,1950000.0477,2619999.8856,2018-01-31T13:49:16.529000Z
1.24658,1.24659,1200000.0477,1250000.0,2018-01-31T13:49:16.807000Z
1.2465600000000001,1.24658,1200000.0477,1870000.0048,2018-01-31T13:49:17.115000Z
1.24655,1.2465600000000001,1000000.0,3000000.0,2018-01-31T13:49:17.219000Z
1.24654,1.2465600000000001,1120000.0048,1500000.0,2018-01-31T13:49:17.738000Z
1.24654,1.24655,1120000.0048,1870000.0048,2018-01-31T13:49:18.053000Z
1.2465700000000002,1.2466000000000002,1120000.0048,5699999.8093,2018-01-31T13:49:18.345000Z
1.24658,1.2466000000000002,1200000.0477,2250000.0,2018-01-31T13:49:18.861000Z
1.2465700000000002,1.2466000000000002,1120000.0048,3190000.0572,2018-01-31T13:49:19.369000Z
1.2465700000000002,1.24659,1120000.0048,1000000.0,2018-01-31T13:49:19.937000Z
1.2465600000000001,1.2466000000000002,1200000.0477,4869999.8856,2018-01-31T13:49:20.658000Z
1.24658,1.2466000000000002,1120000.0048,2619999.8856,2018-01-31T13:49:21.202000Z
1.2465700000000002,1.2466000000000002,3819999.9332,1000000.0,2018-01-31T13:49:21.719000Z
1.24659,1.24662,1200000.0477,4869999.8856,2018-01-31T13:49:22.038000Z
1.24659,1.24661,1200000.0477,1500000.0,2018-01-31T13:49:22.586000Z
1.2465700000000002,1.24659,1120000.0048,3559999.9428,2018-01-31T13:49:22.903000Z
1.24655,1.2465700000000002,3450000.0477,1000000.0,2018-01-31T13:49:22.955000Z
1.24655,1.24658,3450000.0477,1250000.0,2018-01-31T13:49:23.534000Z
1.24655,1.2465700000000002,1120000.0048,9000000.0,2018-01-31T13:49:25.150000Z
1.24653,1.2465600000000001,1000000.0,4869999.8856,2018-01-31T13:49:25.277000Z
1.24652,1.24654,1570000.0525,1000000.0,2018-01-31T13:49:25.383000Z
1.24652,1.24655,4949999.8093,1000000.0,2018-01-31T13:49:25.866000Z
1.24653,1.2465600000000001,1120000.0048,2440000.0572,2018-01-31T13:49:25.918000Z
1.24652,1.24655,2700000.0477,1000000.0,2018-01-31T13:49:26.071000Z
1.24652,1.24655,1120000.0048,1000000.0,2018-01-31T13:49:26.668000Z
1.24652,1.24655,2690000.0572,1000000.0,2018-01-31T13:49:27.515000Z
1.24652,1.24654,3319999.9332,1000000.0,2018-01-31T13:49:28.084000Z
1.24652,1.24654,1570000.0525,1000000.0,2018-01-31T13:49:28.602000Z
1.24653,1.24654,1200000.0477,1000000.0,2018-01-31T13:49:29.212000Z
1.24652,1.24654,1000000.0,1000000.0,2018-01-31T13:49:31.117000Z
1.24651,1.24654,1950000.0477,1000000.0,2018-01-31T13:49:31.715000Z
1.2465000000000002,1.24651,1720000.0286,1500000.0,2018-01-31T13:49:37.097000Z
1.24648,1.24649,20250000.0,1250000.0,2018-01-31T13:49:37.560000Z
1.24648,1.2465000000000002,3069999.9332,1250000.0,2018-01-31T13:49:38.072000Z
1.24648,1.24651,3069999.9332,3190000.0572,2018-01-31T13:49:38.636000Z
1.24648,1.24652,1570000.0525,9369999.8856,2018-01-31T13:49:39.609000Z
1.2465000000000002,1.24651,1000000.0,1500000.0,2018-01-31T13:49:39.923000Z
1.24651,1.24653,1000000.0,3450000.0477,2018-01-31T13:49:40.188000Z
1.24648,1.24651,7349999.9046,1000000.0,2018-01-31T13:49:40.242000Z
1.24648,1.24651,6150000.0954,1000000.0,2018-01-31T13:49:41.041000Z
1.24648,1.2465000000000002,3450000.0477,1000000.0,2018-01-31T13:49:41.602000Z
1.2465000000000002,1.24652,1000000.0,1000000.0,2018-01-31T13:49:41.655000Z
1.24651,1.24654,1000000.0,1120000.0048,2018-01-31T13:49:41.816000Z
1.24652,1.24654,1000000.0,1000000.0,2018-01-31T13:49:42.445000Z
1.24652,1.2465600000000001,1000000.0,7869999.8856,2018-01-31T13:49:42.754000Z
1.24652,1.24655,1500000.0,2319999.9332,2018-01-31T13:49:43.273000Z
1.24652,1.24654,1500000.0,1000000.0,2018-01-31T13:49:44.551000Z
1.24654,1.24655,1500000.0,1570000.0525,2018-01-31T13:49:44.888000Z
1.24651,1.24652,1000000.0,1120000.0048,2018-01-31T13:49:45.203000Z
1.2464700000000002,1.24649,1000000.0,1000000.0,2018-01-31T13:49:45.402000Z
1.2464700000000002,1.2465000000000002,1000000.0,2250000.0,2018-01-31T13:49:46.454000Z
1.2464600000000001,1.24649,2250000.0,5289999.9619,2018-01-31T13:49:47.428000Z
1.24645,1.2464700000000002,1000000.0,4159999.8474,2018-01-31T13:49:47.531000Z
1.24642,1.24644,1870000.0048,1000000.0,2018-01-31T13:49:47.727000Z
1.24642,1.24645,2619999.8856,1000000.0,2018-01-31T13:49:48.242000Z
1.24644,1.24645,1500000.0,1000000.0,2018-01-31T13:49:48.558000Z
1.24645,1.2464700000000002,1000000.0,1100000.0238,2018-01-31T13:49:48.672000Z
1.2464700000000002,1.24648,1000000.0,1000000.0,2018-01-31T13:49:48.777000Z
1.2464600000000001,1.24649,1000000.0,1000000.0,2018-01-31T13:49:49.294000Z
1.24648,1.2465000000000002,1000000.0,1500000.0,2018-01-31T13:49:49.890000Z
1.24649,1.24652,1000000.0,7500000.0,2018-01-31T13:49:50.424000Z
1.24653,1.24654,1000000.0,2140000.1049,2018-01-31T13:49:50.902000Z
1.24654,1.2465600000000001,1500000.0,1350000.0238,2018-01-31T13:49:51.007000Z
1.2465600000000001,1.2465700000000002,3000000.0,1000000.0,2018-01-31T13:49:51.478000Z
1.2465700000000002,1.24659,1500000.0,1000000.0,2018-01-31T13:49:51.580000Z
1.24659,1.24661,1000000.0,1000000.0,2018-01-31T13:49:51.897000Z
1.2465600000000001,1.24658,6070000.1717,1000000.0,2018-01-31T13:49:52.259000Z
1.24654,1.2465700000000002,1000000.0,3940000.0572,2018-01-31T13:49:52.417000Z
1.24653,1.24655,1000000.0,1500000.0,2018-01-31T13:49:52.590000Z
1.24651,1.24654,1950000.0477,1120000.0048,2018-01-31T13:49:52.694000Z
1.24651,1.24653,1000000.0,1250000.0,2018-01-31T13:49:53.241000Z
1.2465000000000002,1.24653,1570000.0525,1250000.0,2018-01-31T13:49:53.839000Z
1.2465000000000002,1.24654,1100000.0238,2890000.1049,2018-01-31T13:49:54.676000Z
1.2465000000000002,1.24653,1299999.9523,1000000.0,2018-01-31T13:49:55.271000Z
1.2465000000000002,1.24654,1350000.0238,2890000.1049,2018-01-31T13:49:55.848000Z
1.2465000000000002,1.24652,1950000.0477,1250000.0,2018-01-31T13:49:56.154000Z
1.24645,1.24649,1120000.0048,3640000.1049,2018-01-31T13:49:56.322000Z
1.24644,1.2464700000000002,1570000.0525,1250000.0,2018-01-31T13:49:56.374000Z
1.24645,1.24648,3819999.9332,1000000.0,2018-01-31T13:49:57.055000Z
1.24649,1.24652,5320000.1717,1000000.0,2018-01-31T13:49:57.365000Z
1.2465000000000002,1.24652,1000000.0,3190000.0572,2018-01-31T13:49:57.911000Z
1.24652,1.24655,1950000.0477,1500000.0,2018-01-31T13:49:58.182000Z
1.24653,1.24655,1120000.0048,2250000.0,2018-01-31T13:49:58.714000Z
1.24651,1.24654,1570000.0525,1000000.0,2018-01-31T13:49:58.767000Z
1.2465000000000002,1.24652,2319999.9332,2250000.0,2018-01-31T13:49:59.098000Z
1.24648,1.2465000000000002,3000000.0,1000000.0,2018-01-31T13:49:59.204000Z
1.2464600000000001,1.24648,2319999.9332,1000000.0,2018-01-31T13:49:59.361000Z
1.2464600000000001,1.2465000000000002,4570000.1717,3190000.0572,2018-01-31T13:49:59.806000Z
1.2464600000000001,1.24648,2619999.8856,1000000.0,2018-01-31T13:50:00.014000Z
1.24645,1.24648,3819999.9332,1500000.0,2018-01-31T13:50:00.547000Z
1.24644,1.2464600000000001,4570000.1717,1000000.0,2018-01-31T13:50:00.911000Z
1.24645,1.24648,2250000.0,1100000.0238,2018-01-31T13:50:00.964000Z
1.24644,1.24645,1870000.0048,1000000.0,2018-01-31T13:50:01.120000Z
1.2464,1.24643,3069999.9332,6000000.0,2018-01-31T13:50:01.460000Z
1.2464,1.24644,1200000.0477,5289999.9619,2018-01-31T13:50:02.257000Z
1.2464,1.24643,1950000.0477,1000000.0,2018-01-31T13:50:02.850000Z
1.2463700000000002,1.24639,3819999.9332,5170000.0763,2018-01-31T13:50:03.194000Z
1.2463700000000002,1.2464,1200000.0477,9000000.0,2018-01-31T13:50:03.348000Z
1.2463700000000002,1.24639,1200000.0477,1500000.0,2018-01-31T13:50:04.132000Z
1.24639,1.2464,1500000.0,2250000.0,2018-01-31T13:50:04.643000Z
1.2464,1.24642,1200000.0477,1120000.0048,2018-01-31T13:50:04.746000Z
1.2464,1.24644,1200000.0477,5250000.0,2018-01-31T13:50:05.256000Z
1.2464,1.24644,1950000.0477,3369999.8856,2018-01-31T13:50:06.131000Z
1.24641,1.24644,2700000.0477,1000000.0,2018-01-31T13:50:06.674000Z
1.24642,1.2464600000000001,1200000.0477,1120000.0048,2018-01-31T13:50:06.780000Z
1.24642,1.2464600000000001,2319999.9332,2250000.0,2018-01-31T13:50:07.298000Z
1.24642,1.24645,2700000.0477,1000000.0,2018-01-31T13:50:08.015000Z
1.24643,1.24645,3000000.0,1000000.0,2018-01-31T13:50:08.192000Z
1.24643,1.24648,5329999.9237,3190000.0572,2018-01-31T13:50:08.297000Z
1.24644,1.2464700000000002,1200000.0477,1000000.0,2018-01-31T13:50:09.166000Z
1.24644,1.24648,1200000.0477,5440000.0572,2018-01-31T13:50:09.708000Z
1.24644,1.2464600000000001,1570000.0525,1690000.0572,2018-01-31T13:50:09.966000Z
1.2464,1.24641,1000000.0,6219999.7902,2018-01-31T13:50:10.284000Z
1.24638,1.2464,1000000.0,1000000.0,2018-01-31T13:50:10.338000Z
1.2463600000000001,1.24639,1950000.0477,1250000.0,2018-01-31T13:50:10.665000Z
1.2463600000000001,1.24638,1000000.0,1000000.0,2018-01-31T13:50:11.489000Z
1.2463600000000001,1.24639,1120000.0048,2440000.0572,2018-01-31T13:50:12.759000Z
1.2463600000000001,1.24638,1120000.0048,1000000.0,2018-01-31T13:50:13.379000Z
1.2463700000000002,1.24638,1200000.0477,1000000.0,2018-01-31T13:50:13.891000Z
1.2463700000000002,1.24639,1200000.0477,1000000.0,2018-01-31T13:50:14.412000Z
1.24639,1.24641,2250000.0,1500000.0,2018-01-31T13:50:15.032000Z
1.2464,1.24643,1200000.0477,1120000.0048,2018-01-31T13:50:15.141000Z
1.24639,1.2464,1950000.0477,4119999.8856,2018-01-31T13:50:15.581000Z
1.2463700000000002,1.2464,1570000.0525,1870000.0048,2018-01-31T13:50:15.633000Z
1.2463700000000002,1.24639,1120000.0048,1000000.0,2018-01-31T13:50:16.165000Z
1.2463700000000002,1.2464,1200000.0477,3190000.0572,2018-01-31T13:50:17.605000Z
1.2463700000000002,1.24639,1200000.0477,1000000.0,2018-01-31T13:50:18.249000Z
1.2463700000000002,1.2464,1200000.0477,3000000.0,2018-01-31T13:50:18.765000Z
1.24639,1.24641,1000000.0,9560000.4196,2018-01-31T13:50:19.179000Z
1.24639,1.24642,2250000.0,1000000.0,2018-01-31T13:50:19.233000Z
1.24641,1.24642,1200000.0477,1000000.0,2018-01-31T13:50:19.286000Z
1.24641,1.24644,1200000.0477,5059999.9428,2018-01-31T13:50:19.391000Z
1.24644,1.2464600000000001,1500000.0,1200000.0477,2018-01-31T13:50:19.648000Z
1.2464600000000001,1.24648,1200000.0477,6039999.9619,2018-01-31T13:50:19.978000Z
1.24644,1.2464600000000001,4949999.8093,1500000.0,2018-01-31T13:50:20.081000Z
1.24643,1.24645,1950000.0477,1000000.0,2018-01-31T13:50:20.615000Z
1.24643,1.2464600000000001,1870000.0048,1000000.0,2018-01-31T13:50:21.133000Z
1.24643,1.24645,1870000.0048,2250000.0,2018-01-31T13:50:22.912000Z
1.24643,1.2464600000000001,2250000.0,5289999.9619,2018-01-31T13:50:23.509000Z
1.24645,1.2464600000000001,1870000.0048,1000000.0,2018-01-31T13:50:23.562000Z
1.2464600000000001,1.24648,1200000.0477,2250000.0,2018-01-31T13:50:23.616000Z
1.2464600000000001,1.24648,1500000.0,1000000.0,2018-01-31T13:50:24.136000Z
1.2464600000000001,1.24648,1870000.0048,1500000.0,2018-01-31T13:50:24.884000Z
1.24648,1.24649,1000000.0,1500000.0,2018-01-31T13:50:24.989000Z
1.24648,1.2465000000000002,1000000.0,4500000.0,2018-01-31T13:50:25.195000Z
1.2465000000000002,1.24651,2319999.9332,1500000.0,2018-01-31T13:50:25.428000Z
1.2465000000000002,1.24653,3069999.9332,1690000.0572,2018-01-31T13:50:25.482000Z
1.2465000000000002,1.24654,3819999.9332,3559999.9428,2018-01-31T13:50:26.192000Z
1.24651,1.24654,2700000.0477,1500000.0,2018-01-31T13:50:26.245000Z
1.2465600000000001,1.24658,1500000.0,1500000.0,2018-01-31T13:50:26.576000Z
1.24654,1.2465700000000002,3069999.9332,2849999.9046,2018-01-31T13:50:26.782000Z
1.24654,1.2465600000000001,2319999.9332,1250000.0,2018-01-31T13:50:27.308000Z
1.24653,1.24655,1200000.0477,1690000.0572,2018-01-31T13:50:27.940000Z
1.24651,1.24654,3069999.9332,1000000.0,2018-01-31T13:50:28.133000Z
1.24652,1.24655,1950000.0477,3940000.0572,2018-01-31T13:50:28.668000Z
1.24651,1.24653,1870000.0048,5139999.8665,2018-01-31T13:50:29.213000Z
1.24651,1.24652,1950000.0477,1000000.0,2018-01-31T13:50:30.147000Z
1.24651,1.24653,2700000.0477,3640000.1049,2018-01-31T13:50:32.084000Z
1.24652,1.24654,1870000.0048,1000000.0,2018-01-31T13:50:32.670000Z
1.24651,1.24654,1570000.0525,4239999.7711,2018-01-31T13:50:33.279000Z
1.24651,1.24653,1570000.0525,1000000.0,2018-01-31T13:50:33.858000Z
1.24653,1.24655,1870000.0048,1120000.0048,2018-01-31T13:50:37.237000Z
1.24653,1.2465600000000001,2319999.9332,5440000.0572,2018-01-31T13:50:37.772000Z
1.24653,1.24655,1200000.0477,1120000.0048,2018-01-31T13:50:38.335000Z
1.24653,1.24654,1200000.0477,1000000.0,2018-01-31T13:50:40.922000Z
1.24653,1.24655,1120000.0048,2440000.0572,2018-01-31T13:50:41.455000Z
1.2465000000000002,1.24651,2700000.0477,2099999.9046,2018-01-31T13:50:41.846000Z
1.24648,1.24651,2250000.0,4690000.0572,2018-01-31T13:50:41.901000Z
1.24648,1.24649,1000000.0,2319999.9332,2018-01-31T13:50:41.953000Z
1.24645,1.24648,3069999.9332,1500000.0,2018-01-31T13:50:42.112000Z
1.24648,1.2465000000000002,1120000.0048,1500000.0,2018-01-31T13:50:42.218000Z
1.24649,1.24652,1120000.0048,4239999.7711,2018-01-31T13:50:42.741000Z
1.24649,1.24651,4500000.0,1000000.0,2018-01-31T13:50:43.245000Z
1.24649,1.24652,1950000.0477,1500000.0,2018-01-31T13:50:43.772000Z
1.24649,1.24651,2700000.0477,1000000.0,2018-01-31T13:50:44.788000Z
1.24649,1.24652,1950000.0477,1000000.0,2018-01-31T13:50:45.361000Z
1.24649,1.24651,3069999.9332,1000000.0,2018-01-31T13:50:46.595000Z
1.24649,1.24652,2319999.9332,1000000.0,2018-01-31T13:50:47.153000Z
1.24649,1.24651,6070000.1717,1000000.0,2018-01-31T13:50:47.736000Z
1.24649,1.24652,4570000.1717,1000000.0,2018-01-31T13:50:48.266000Z
1.24651,1.24654,2700000.0477,1690000.0572,2018-01-31T13:50:48.579000Z
1.24651,1.24654,2619999.8856,6039999.9619,2018-01-31T13:50:49.207000Z
1.24651,1.24653,1120000.0048,1000000.0,2018-01-31T13:50:49.782000Z
1.24651,1.24653,1370000.0048,1500000.0,2018-01-31T13:50:50.492000Z
1.24649,1.24652,1250000.0,3299999.9523,2018-01-31T13:50:51.309000Z
1.2464700000000002,1.2465000000000002,1000000.0,6300000.1907,2018-01-31T13:50:51.413000Z
1.2464600000000001,1.24649,1870000.0048,1250000.0,2018-01-31T13:50:51.932000Z
1.2464600000000001,1.24648,1870000.0048,1000000.0,2018-01-31T13:50:52.893000Z
1.24645,1.24649,1870000.0048,1610000.0143,2018-01-31T13:50:53.410000Z
1.2464700000000002,1.24649,1000000.0,6820000.1717,2018-01-31T13:50:54.029000Z
1.24645,1.24649,1870000.0048,6820000.1717,2018-01-31T13:50:54.192000Z
1.24645,1.2464700000000002,1870000.0048,1000000.0,2018-01-31T13:50:54.817000Z
1.24645,1.24648,1120000.0048,1120000.0048,2018-01-31T13:50:55.396000Z
1.24645,1.2464700000000002,1870000.0048,1000000.0,2018-01-31T13:50:56.650000Z
1.24645,1.24648,1120000.0048,1690000.0572,2018-01-31T13:50:57.155000Z
1.24644,1.2464600000000001,1000000.0,3190000.0572,2018-01-31T13:50:57.478000Z
1.24641,1.24644,3069999.9332,1500000.0,2018-01-31T13:50:57.787000Z
1.24641,1.24644,1000000.0,3039999.9619,2018-01-31T13:50:58.385000Z
1.24641,1.24644,2250000.0,3450000.0477,2018-01-31T13:50:59.475000Z
1.24644,1.24645,1500000.0,4570000.1717,2018-01-31T13:50:59.529000Z
1.24644,1.2464700000000002,5619999.8856,1120000.0048,2018-01-31T13:50:59.582000Z
1.24645,1.24648,1500000.0,1570000.0525,2018-01-31T13:51:00.098000Z
1.2464600000000001,1.24648,1000000.0,1100000.0238,2018-01-31T13:51:00.612000Z
1.2464600000000001,1.24649,1120000.0048,1570000.0525,2018-01-31T13:51:01.162000Z
1.2464600000000001,1.24649,7500000.0,1200000.0477,2018-01-31T13:51:01.918000Z
1.24651,1.24652,1000000.0,2250000.0,2018-01-31T13:51:03.651000Z
1.24653,1.24654,1120000.0048,1100000.0238,2018-01-31T13:51:03.768000Z
1.24653,1.2465600000000001,1000000.0,1870000.0048,2018-01-31T13:51:03.976000Z
1.24652,1.24654,4199999.8093,1000000.0,2018-01-31T13:51:04.445000Z
1.24652,1.2465600000000001,3450000.0477,2359999.8951,2018-01-31T13:51:04.984000Z
1.24652,1.2465600000000001,3450000.0477,1289999.9619,2018-01-31T13:51:10.119000Z
1.24654,1.2465600000000001,4500000.0,1500000.0,2018-01-31T13:51:10.478000Z
1.24654,1.2465700000000002,1870000.0048,1690000.0572,2018-01-31T13:51:11.066000Z
1.2465600000000001,1.24658,1370000.0048,2250000.0,2018-01-31T13:51:11.428000Z
1.24655,1.24658,1500000.0,4050000.1907,2018-01-31T13:51:11.966000Z
1.24655,1.24658,1120000.0048,3599999.9046,2018-01-31T13:51:12.662000Z
1.24655,1.24658,1500000.0,1350000.0238,2018-01-31T13:51:14.010000Z
1.24655,1.24658,1500000.0,3789999.9619,2018-01-31T13:51:15.301000Z
1.24655,1.24658,1000000.0,2660000.0858,2018-01-31T13:51:16.496000Z
1.24655,1.2465600000000001,1120000.0048,1000000.0,2018-01-31T13:51:19.081000Z
1.24655,1.24659,3750000.0,4500000.0,2018-01-31T13:51:19.352000Z
1.24655,1.2465700000000002,2470000.0286,1000000.0,2018-01-31T13:51:19.834000Z
1.24654,1.24658,6070000.1717,1720000.0286,2018-01-31T13:51:20.425000Z
1.24654,1.24658,6150000.0954,4420000.0763,2018-01-31T13:51:20.951000Z
1.24654,1.24658,6150000.0954,4420000.0763,2018-01-31T13:51:21.498000Z
1.24654,1.24658,6150000.0954,4420000.0763,2018-01-31T13:51:22.293000Z
1.24654,1.24659,9640000.3433,8170000.0763,2018-01-31T13:51:22.873000Z
1.24652,1.24655,1000000.0,1000000.0,2018-01-31T13:51:23.220000Z
1.24654,1.2465600000000001,8619999.8856,1200000.0477,2018-01-31T13:51:23.633000Z
1.2465600000000001,1.2465700000000002,1000000.0,1000000.0,2018-01-31T13:51:23.968000Z
1.24658,1.2466000000000002,1120000.0048,5320000.1717,2018-01-31T13:51:24.284000Z
1.24662,1.24663,4500000.0,1000000.0,2018-01-31T13:51:24.337000Z
1.24663,1.24665,1200000.0477,1500000.0,2018-01-31T13:51:24.443000Z
1.24662,1.24664,1200000.0477,1500000.0,2018-01-31T13:51:24.563000Z
1.24661,1.24662,1200000.0477,1250000.0,2018-01-31T13:51:24.617000Z
1.24659,1.24662,3369999.8856,1000000.0,2018-01-31T13:51:24.670000Z
1.24658,1.2466000000000002,1120000.0048,3000000.0,2018-01-31T13:51:24.775000Z
1.24655,1.24659,1419999.9571,2470000.0286,2018-01-31T13:51:24.933000Z
1.24654,1.24659,9520000.4578,5619999.8856,2018-01-31T13:51:25.090000Z
1.24653,1.24655,5250000.0,3369999.8856,2018-01-31T13:51:25.339000Z
1.2465000000000002,1.24653,2250000.0,1500000.0,2018-01-31T13:51:25.391000Z
1.24651,1.24652,1500000.0,1000000.0,2018-01-31T13:51:25.911000Z
1.2465000000000002,1.24653,5769999.9809,1000000.0,2018-01-31T13:51:26.827000Z
1.24651,1.24653,1200000.0477,2099999.9046,2018-01-31T13:51:27.328000Z
1.24651,1.24652,1000000.0,1000000.0,2018-01-31T13:51:28.161000Z
1.24651,1.24655,6369999.8856,3000000.0,2018-01-31T13:51:28.266000Z
1.24652,1.24654,1870000.0048,1000000.0,2018-01-31T13:51:28.860000Z
1.24654,1.24655,3000000.0,1000000.0,2018-01-31T13:51:29.015000Z
1.24654,1.2465700000000002,4500000.0,1120000.0048,2018-01-31T13:51:29.120000Z
1.24653,1.2465600000000001,1200000.0477,2250000.0,2018-01-31T13:51:29.623000Z
1.24653,1.24655,1500000.0,1000000.0,2018-01-31T13:51:30.453000Z
1.24654,1.2465700000000002,5019999.9809,1000000.0,2018-01-31T13:51:30.562000Z
1.24653,1.24655,1000000.0,2619999.8856,2018-01-31T13:51:31.090000Z
1.2465000000000002,1.24654,5619999.8856,1870000.0048,2018-01-31T13:51:31.141000Z
1.2465000000000002,1.24653,4199999.8093,1000000.0,2018-01-31T13:51:32.348000Z
1.2465000000000002,1.24654,1799999.9523,1870000.0048,2018-01-31T13:51:33.017000Z
1.2465000000000002,1.24653,6110000.1335,1000000.0,2018-01-31T13:51:36.421000Z
1.24652,1.24653,1000000.0,1000000.0,2018-01-31T13:51:38.176000Z
1.24651,1.24654,4869999.8856,3750000.0,2018-01-31T13:51:38.696000Z
1.2465000000000002,1.24653,6820000.1717,1000000.0,2018-01-31T13:51:39.220000Z
1.24655,1.2465600000000001,1500000.0,1500000.0,2018-01-31T13:51:39.582000Z
1.2465600000000001,1.24658,7690000.0572,1000000.0,2018-01-31T13:51:39.697000Z
1.2465700000000002,1.2466000000000002,4949999.8093,1120000.0048,2018-01-31T13:51:39.750000Z
1.24662,1.24664,2250000.0,1000000.0,2018-01-31T13:51:40.099000Z
1.24665,1.24666,2250000.0,1000000.0,2018-01-31T13:51:40.960000Z
1.24664,1.24668,6260000.2289,1690000.0572,2018-01-31T13:51:41.012000Z
1.24663,1.24665,4199999.8093,1000000.0,2018-01-31T13:51:41.168000Z
1.24661,1.24665,3450000.0477,1690000.0572,2018-01-31T13:51:41.272000Z
1.24662,1.2466700000000002,1570000.0525,4159999.8474,2018-01-31T13:51:41.534000Z
1.24662,1.24666,3450000.0477,1000000.0,2018-01-31T13:51:42.332000Z
1.24662,1.24664,1200000.0477,1000000.0,2018-01-31T13:51:42.649000Z
1.24659,1.24663,1000000.0,1870000.0048,2018-01-31T13:51:42.862000Z
1.2466000000000002,1.24662,1000000.0,1000000.0,2018-01-31T13:51:43.381000Z
1.24659,1.24662,6750000.0,1000000.0,2018-01-31T13:51:43.948000Z
1.24658,1.24661,1100000.0238,5059999.9428,2018-01-31T13:51:44.107000Z
1.2465600000000001,1.2466000000000002,6670000.0763,1000000.0,2018-01-31T13:51:44.780000Z
1.24655,1.24658,6519999.9809,1000000.0,2018-01-31T13:51:45.227000Z
1.24654,1.2465700000000002,1350000.0238,1690000.0572,2018-01-31T13:51:45.645000Z
1.24654,1.2465600000000001,1500000.0,1000000.0,2018-01-31T13:51:46.182000Z
1.24654,1.2465700000000002,1169999.9571,3369999.8856,2018-01-31T13:51:46.751000Z
1.24652,1.2465700000000002,7420000.0763,1000000.0,2018-01-31T13:51:47.599000Z
1.24652,1.24655,1100000.0238,3369999.8856,2018-01-31T13:51:47.760000Z
1.24641,1.24645,2250000.0,1000000.0,2018-01-31T13:51:48.052000Z
1.2464,1.24644,2319999.9332,1000000.0,2018-01-31T13:51:48.569000Z
1.24639,1.24644,8100000.3815,2319999.9332,2018-01-31T13:51:49.092000Z
1.24639,1.24642,5849999.9046,1000000.0,2018-01-31T13:51:49.144000Z
1.2464,1.24642,1000000.0,1000000.0,2018-01-31T13:51:49.843000Z
1.24641,1.24644,3000000.0,1570000.0525,2018-01-31T13:51:50.051000Z
1.24643,1.24644,2250000.0,1500000.0,2018-01-31T13:51:50.103000Z
1.24644,1.2464700000000002,1000000.0,2319999.9332,2018-01-31T13:51:50.157000Z
1.24645,1.2464700000000002,1000000.0,1120000.0048,2018-01-31T13:51:50.665000Z
1.24644,1.2464600000000001,3750000.0,1000000.0,2018-01-31T13:51:51.241000Z
1.24645,1.2464600000000001,1000000.0,1000000.0,2018-01-31T13:51:51.755000Z
1.24644,1.2464600000000001,4500000.0,1000000.0,2018-01-31T13:51:52.298000Z
1.24645,1.2464700000000002,1000000.0,1000000.0,2018-01-31T13:51:52.836000Z
1.24644,1.2464700000000002,4130000.1144,1000000.0,2018-01-31T13:51:53.589000Z
1.2464600000000001,1.24648,1000000.0,1000000.0,2018-01-31T13:51:53.828000Z
1.24645,1.24648,1200000.0477,2619999.8856,2018-01-31T13:51:54.691000Z
1.24643,1.24648,4349999.9046,3819999.9332,2018-01-31T13:51:54.796000Z
1.24643,1.2464600000000001,4349999.9046,1000000.0,2018-01-31T13:51:54.848000Z
1.24643,1.24644,1570000.0525,3750000.0,2018-01-31T13:51:55.245000Z
1.2464,1.24644,4570000.1717,4389999.8665,2018-01-31T13:51:55.298000Z
1.2464,1.24644,1570000.0525,1009999.9905,2018-01-31T13:51:55.838000Z
1.24641,1.24645,1950000.0477,5139999.8665,2018-01-31T13:51:57.875000Z
1.24641,1.24645,3940000.0572,2250000.0,2018-01-31T13:51:58.475000Z
1.24642,1.24645,1000000.0,1120000.0048,2018-01-31T13:51:59.519000Z
1.24641,1.24645,3369999.8856,1389999.9857,2018-01-31T13:52:00.089000Z
1.2464,1.24644,2849999.9046,1000000.0,2018-01-31T13:52:00.684000Z
1.24643,1.24645,1500000.0,5139999.8665,2018-01-31T13:52:01.449000Z
1.24644,1.2464600000000001,12640000.3433,1250000.0,2018-01-31T13:52:01.863000Z
1.2464700000000002,1.24649,1250000.0,1389999.9857,2018-01-31T13:52:01.915000Z
1.24649,1.2465000000000002,3000000.0,1309999.9428,2018-01-31T13:52:02.021000Z
1.2465000000000002,1.24652,1870000.0048,1250000.0,2018-01-31T13:52:02.251000Z
1.24648,1.24652,7800000.1907,8699999.8093,2018-01-31T13:52:03.427000Z
1.2464600000000001,1.2465000000000002,5019999.9809,1120000.0048,2018-01-31T13:52:03.529000Z
1.2464600000000001,1.2465000000000002,4800000.1907,2140000.1049,2018-01-31T13:52:04.081000Z
1.2464600000000001,1.24648,2619999.8856,1250000.0,2018-01-31T13:52:04.420000Z
1.2464600000000001,1.24649,2619999.8856,2250000.0,2018-01-31T13:52:05.194000Z
1.24648,1.2465000000000002,1000000.0,1759999.9905,2018-01-31T13:52:05.903000Z
1.24649,1.24652,5250000.0,2700000.0477,2018-01-31T13:52:06.057000Z
1.24648,1.24649,3000000.0,2440000.0572,2018-01-31T13:52:06.364000Z
1.2464700000000002,1.24648,1000000.0,1250000.0,2018-01-31T13:52:06.671000Z
1.24645,1.2464700000000002,1870000.0048,1250000.0,2018-01-31T13:52:07.761000Z
1.2464600000000001,1.2464700000000002,1000000.0,1250000.0,2018-01-31T13:52:08.404000Z
1.24649,1.2465000000000002,1000000.0,3259999.9905,2018-01-31T13:52:08.677000Z
1.2465000000000002,1.24651,1000000.0,1250000.0,2018-01-31T13:52:08.834000Z
1.24649,1.24652,4309999.9428,1250000.0,2018-01-31T13:52:09.405000Z
1.24651,1.24652,1000000.0,1250000.0,2018-01-31T13:52:11.084000Z
1.24651,1.24654,2250000.0,6260000.2289,2018-01-31T13:52:11.188000Z
1.24653,1.24654,2250000.0,1000000.0,2018-01-31T13:52:11.699000Z
1.24653,1.2465700000000002,4690000.0572,4949999.8093,2018-01-31T13:52:11.750000Z
1.24655,1.24658,4500000.0,1009999.9905,2018-01-31T13:52:12.247000Z
1.24654,1.2465700000000002,2250000.0,1570000.0525,2018-01-31T13:52:12.771000Z
1.24654,1.24658,6070000.1717,2890000.1049,2018-01-31T13:52:16.572000Z
1.24655,1.24658,1000000.0,1000000.0,2018-01-31T13:52:17.177000Z
1.24654,1.24658,4500000.0,1000000.0,2018-01-31T13:52:17.741000Z
1.2465700000000002,1.24659,1000000.0,1000000.0,2018-01-31T13:52:18.052000Z
1.2465600000000001,1.24659,7199999.8093,1250000.0,2018-01-31T13:52:18.569000Z
1.2465600000000001,1.24659,7760000.2289,1250000.0,2018-01-31T13:52:19.462000Z
1.2465600000000001,1.24659,3819999.9332,1000000.0,2018-01-31T13:52:19.977000Z
1.24653,1.24655,4199999.8093,3369999.8856,2018-01-31T13:52:20.311000Z
1.24651,1.24654,3000000.0,1000000.0,2018-01-31T13:52:20.422000Z
1.2465000000000002,1.24655,4159999.8474,4989999.7711,2018-01-31T13:52:21.356000Z
1.2465000000000002,1.24654,3000000.0,1120000.0048,2018-01-31T13:52:21.888000Z
1.24651,1.24655,1000000.0,8739999.7711,2018-01-31T13:52:22.415000Z
1.2465000000000002,1.24651,1000000.0,2250000.0,2018-01-31T13:52:23.732000Z
1.2464700000000002,1.24649,1000000.0,5250000.0,2018-01-31T13:52:23.838000Z
1.2464600000000001,1.24648,1500000.0,1000000.0,2018-01-31T13:52:24.113000Z
1.2464600000000001,1.24648,3450000.0477,1000000.0,2018-01-31T13:52:25.404000Z
1.2464700000000002,1.24649,1000000.0,1000000.0,2018-01-31T13:52:25.717000Z
1.24649,1.2465000000000002,7119999.8856,1000000.0,2018-01-31T13:52:26.067000Z
1.24652,1.24653,1000000.0,1200000.0477,2018-01-31T13:52:26.151000Z
1.24652,1.24654,4949999.8093,1000000.0,2018-01-31T13:52:26.309000Z
1.2465600000000001,1.2465700000000002,1000000.0,1250000.0,2018-01-31T13:52:26.416000Z
1.2465700000000002,1.24658,3750000.0,1250000.0,2018-01-31T13:52:26.470000Z
1.24659,1.2466000000000002,1000000.0,1250000.0,2018-01-31T13:52:26.524000Z
1.2466000000000002,1.24663,1120000.0048,1000000.0,2018-01-31T13:52:26.578000Z
1.2466000000000002,1.24662,7010000.2289,1000000.0,2018-01-31T13:52:26.631000Z
1.24662,1.24663,1500000.0,1250000.0,2018-01-31T13:52:26.934000Z
1.2466000000000002,1.24662,1570000.0525,1000000.0,2018-01-31T13:52:27.294000Z
1.2466000000000002,1.24662,1100000.0238,1250000.0,2018-01-31T13:52:27.815000Z
1.24661,1.24662,1000000.0,1250000.0,2018-01-31T13:52:28.349000Z
1.24664,1.24666,1200000.0477,1500000.0,2018-01-31T13:52:28.759000Z
1.24663,1.24665,1100000.0238,1000000.0,2018-01-31T13:52:29.285000Z
1.24662,1.24666,2700000.0477,1250000.0,2018-01-31T13:52:29.786000Z
1.24662,1.24666,5170000.0763,1870000.0048,2018-01-31T13:52:30.298000Z
1.24662,1.24665,5889999.8665,1250000.0,2018-01-31T13:52:31.825000Z
1.24662,1.24666,1950000.0477,1120000.0048,2018-01-31T13:52:32.377000Z
1.24663,1.24666,1000000.0,1250000.0,2018-01-31T13:52:33.913000Z
1.24662,1.24666,1950000.0477,1250000.0,2018-01-31T13:52:34.490000Z
1.24663,1.24666,1000000.0,1250000.0,2018-01-31T13:52:35.079000Z
1.24662,1.24665,1500000.0,1120000.0048,2018-01-31T13:52:35.615000Z
1.2466000000000002,1.24662,1950000.0477,1000000.0,2018-01-31T13:52:35.771000Z
1.24659,1.24662,3000000.0,1000000.0,2018-01-31T13:52:35.929000Z
1.2465700000000002,1.2466000000000002,1570000.0525,1000000.0,2018-01-31T13:52:36.057000Z
1.2465600000000001,1.24658,1500000.0,1000000.0,2018-01-31T13:52:36.365000Z
1.2465600000000001,1.24658,1000000.0,1000000.0,2018-01-31T13:52:36.880000Z
1.2465600000000001,1.2465700000000002,1120000.0048,1500000.0,2018-01-31T13:52:37.787000Z
1.24652,1.24655,3369999.8856,1120000.0048,2018-01-31T13:52:37.890000Z
1.24651,1.24653,3819999.9332,1000000.0,2018-01-31T13:52:37.942000Z
1.24651,1.24654,1000000.0,1690000.0572,2018-01-31T13:52:38.487000Z
1.24651,1.24653,3259999.9905,1250000.0,2018-01-31T13:52:41.401000Z
1.2465000000000002,1.24653,3490000.0095,1250000.0,2018-01-31T13:52:41.920000Z
1.24651,1.24654,2140000.1049,1309999.9428,2018-01-31T13:52:42.229000Z
1.24651,1.24654,1950000.0477,1309999.9428,2018-01-31T13:52:42.946000Z
1.24654,1.2465600000000001,1500000.0,3940000.0572,2018-01-31T13:52:43.175000Z
1.24653,1.24655,2509999.9905,1250000.0,2018-01-31T13:52:43.745000Z
1.24653,1.2465600000000001,1570000.0525,1250000.0,2018-01-31T13:52:44.696000Z
1.24653,1.2465600000000001,1470000.0286,1250000.0,2018-01-31T13:52:46.138000Z
1.24653,1.2465600000000001,3450000.0477,1000000.0,2018-01-31T13:52:46.674000Z
1.24653,1.24655,4570000.1717,1000000.0,2018-01-31T13:52:47.214000Z
1.2465600000000001,1.24658,3339999.9142,1250000.0,2018-01-31T13:52:47.520000Z
1.24658,1.24663,5920000.0763,2809999.9428,2018-01-31T13:52:47.687000Z
1.24659,1.24662,1950000.0477,1690000.0572,2018-01-31T13:52:48.298000Z
1.24659,1.24662,1950000.0477,1000000.0,2018-01-31T13:52:50.276000Z
1.2466000000000002,1.24662,1200000.0477,1000000.0,2018-01-31T13:52:50.817000Z
1.24658,1.24659,3750000.0,1000000.0,2018-01-31T13:52:51.314000Z
1.24655,1.24659,4570000.1717,1250000.0,2018-01-31T13:52:51.468000Z
1.24655,1.24659,2319999.9332,1190000.0572,2018-01-31T13:52:52.007000Z
1.24654,1.2465600000000001,3069999.9332,1500000.0,2018-01-31T13:52:52.327000Z
1.24651,1.24654,2319999.9332,1000000.0,2018-01-31T13:52:52.379000Z
1.24651,1.24653,2700000.0477,1250000.0,2018-01-31T13:52:52.897000Z
1.24653,1.2465600000000001,2140000.1049,4309999.9428,2018-01-31T13:52:53.499000Z
1.24655,1.2465600000000001,1120000.0048,1000000.0,2018-01-31T13:52:54.021000Z
1.2465600000000001,1.2465700000000002,1000000.0,1000000.0,2018-01-31T13:52:54.761000Z
1.24654,1.2465700000000002,6449999.8093,1000000.0,2018-01-31T13:52:55.298000Z
1.24654,1.2465600000000001,4949999.8093,1000000.0,2018-01-31T13:52:55.807000Z
1.24655,1.2465600000000001,1200000.0477,1000000.0,2018-01-31T13:52:56.318000Z
1.24654,1.2465600000000001,1000000.0,1309999.9428,2018-01-31T13:52:56.371000Z
1.24651,1.24655,1200000.0477,3190000.0572,2018-01-31T13:52:56.588000Z
1.24651,1.24655,1700000.0477,2619999.8856,2018-01-31T13:52:57.290000Z
1.24651,1.24653,1570000.0525,1000000.0,2018-01-31T13:52:57.700000Z
1.24651,1.24654,2319999.9332,1500000.0,2018-01-31T13:52:58.217000Z
1.24651,1.24654,1200000.0477,1000000.0,2018-01-31T13:52:59.380000Z
1.24652,1.24654,2700000.0477,1250000.0,2018-01-31T13:52:59.696000Z
1.24652,1.24654,1450000.0477,1250000.0,2018-01-31T13:53:00.491000Z
1.24652,1.24654,1200000.0477,1000000.0,2018-01-31T13:53:01.232000Z
1.24651,1.24653,1450000.0477,1000000.0,2018-01-31T13:53:01.749000Z
1.24651,1.24653,1200000.0477,1000000.0,2018-01-31T13:53:02.270000Z
1.2465000000000002,1.24651,1950000.0477,5619999.8856,2018-01-31T13:53:02.687000Z
1.24648,1.24651,1200000.0477,7119999.8856,2018-01-31T13:53:03.035000Z
1.24648,1.2465000000000002,1200000.0477,1309999.9428,2018-01-31T13:53:03.882000Z
1.24649,1.24651,1120000.0048,1500000.0,2018-01-31T13:53:06.876000Z
1.24649,1.2465000000000002,1950000.0477,1250000.0,2018-01-31T13:53:07.519000Z
1.24651,1.24652,1120000.0048,1250000.0,2018-01-31T13:53:07.831000Z
1.24653,1.24654,2400000.0954,1120000.0048,2018-01-31T13:53:08.153000Z
1.24652,1.24654,1200000.0477,1309999.9428,2018-01-31T13:53:08.675000Z
1.24653,1.24654,1120000.0048,1000000.0,2018-01-31T13:53:09.934000Z
1.24654,1.2465600000000001,1000000.0,1690000.0572,2018-01-31T13:53:10.038000Z
1.24654,1.24655,3000000.0,1250000.0,2018-01-31T13:53:10.540000Z
1.24654,1.2465600000000001,1950000.0477,1690000.0572,2018-01-31T13:53:11.058000Z
1.24653,1.24654,5619999.8856,2250000.0,2018-01-31T13:53:11.162000Z
1.2464600000000001,1.2464700000000002,13760000.2289,1000000.0,2018-01-31T13:53:11.214000Z
1.24638,1.24641,1539999.9619,1000000.0,2018-01-31T13:53:11.267000Z
1.2464,1.24642,1370000.0048,4500000.0,2018-01-31T13:53:11.375000Z
1.24641,1.24644,1120000.0048,1539999.9619,2018-01-31T13:53:11.706000Z
1.24642,1.24644,1120000.0048,3369999.8856,2018-01-31T13:53:12.387000Z
1.24641,1.24643,1000000.0,1000000.0,2018-01-31T13:53:12.997000Z
1.24641,1.24644,2700000.0477,2250000.0,2018-01-31T13:53:13.518000Z
1.24639,1.24641,3069999.9332,1500000.0,2018-01-31T13:53:13.895000Z
1.2463700000000002,1.24639,1000000.0,2440000.0572,2018-01-31T13:53:14.206000Z
1.2463700000000002,1.24638,1870000.0048,1250000.0,2018-01-31T13:53:14.721000Z
1.2463600000000001,1.24638,1950000.0477,1250000.0,2018-01-31T13:53:15.258000Z
1.24638,1.2464,1870000.0048,1250000.0,2018-01-31T13:53:16.158000Z
1.2463600000000001,1.24639,2319999.9332,3559999.9428,2018-01-31T13:53:16.445000Z
1.2463600000000001,1.24638,1200000.0477,3559999.9428,2018-01-31T13:53:16.961000Z
1.24635,1.2463600000000001,2319999.9332,1500000.0,2018-01-31T13:53:18.129000Z
1.24634,1.24635,2630000.1144,1500000.0,2018-01-31T13:53:18.182000Z
1.2463700000000002,1.24639,2430000.0668,3369999.8856,2018-01-31T13:53:18.336000Z
1.24638,1.2464,1200000.0477,4309999.9428,2018-01-31T13:53:18.854000Z
1.24638,1.24641,3750000.0,3940000.0572,2018-01-31T13:53:19.473000Z
1.24638,1.24641,10609999.6567,1250000.0,2018-01-31T13:53:19.988000Z
1.24638,1.24639,2319999.9332,1000000.0,2018-01-31T13:53:20.092000Z
1.2463700000000002,1.24639,1120000.0048,1250000.0,2018-01-31T13:53:20.145000Z
1.2463700000000002,1.2464,1000000.0,2619999.8856,2018-01-31T13:53:20.665000Z
1.2463700000000002,1.2464,4599999.9046,1120000.0048,2018-01-31T13:53:21.328000Z
1.24638,1.24642,1950000.0477,2619999.8856,2018-01-31T13:53:21.554000Z
1.24639,1.24644,8439999.5804,5619999.8856,2018-01-31T13:53:21.920000Z
1.24639,1.24644,10390000.3433,5250000.0,2018-01-31T13:53:22.339000Z
1.24641,1.24644,1000000.0,6369999.8856,2018-01-31T13:53:23.831000Z
1.2464,1.24644,1950000.0477,4500000.0,2018-01-31T13:53:24.485000Z
1.24641,1.24644,1000000.0,7500000.0,2018-01-31T13:53:26.364000Z
1.24641,1.24644,1870000.0048,3559999.9428,2018-01-31T13:53:26.518000Z
1.24642,1.2464600000000001,3559999.9428,3369999.8856,2018-01-31T13:53:28.017000Z
1.24644,1.2464600000000001,1500000.0,1000000.0,2018-01-31T13:53:28.071000Z
1.24645,1.2464700000000002,1120000.0048,2250000.0,2018-01-31T13:53:28.598000Z
1.24644,1.2464700000000002,2250000.0,1440000.0572,2018-01-31T13:53:30.734000Z
1.24644,1.24645,1100000.0238,3559999.9428,2018-01-31T13:53:33.196000Z
1.24641,1.24642,1000000.0,1000000.0,2018-01-31T13:53:33.299000Z
1.2464,1.24643,3000000.0,3190000.0572,2018-01-31T13:53:33.830000Z
1.2464,1.24642,3000000.0,1000000.0,2018-01-31T13:53:34.784000Z
1.2464,1.24643,2250000.0,1000000.0,2018-01-31T13:53:35.298000Z
1.24641,1.24644,1309999.9428,1120000.0048,2018-01-31T13:53:35.800000Z
1.2464,1.24641,1200000.0477,2619999.8856,2018-01-31T13:53:36.077000Z
1.2463600000000001,1.24639,3750000.0,1000000.0,2018-01-31T13:53:36.182000Z
1.2463600000000001,1.24638,1000000.0,1000000.0,2018-01-31T13:53:37.631000Z
1.24635,1.24638,1570000.0525,1250000.0,2018-01-31T13:53:38.843000Z
1.2463600000000001,1.24638,1000000.0,1690000.0572,2018-01-31T13:53:39.495000Z
1.24635,1.24638,1759999.9905,1250000.0,2018-01-31T13:53:40.090000Z
1.24639,1.24641,1000000.0,4199999.8093,2018-01-31T13:53:40.405000Z
1.2463700000000002,1.24641,1500000.0,5809999.9428,2018-01-31T13:53:40.509000Z
1.2463700000000002,1.2464,1690000.0572,1870000.0048,2018-01-31T13:53:40.612000Z
1.2463700000000002,1.2464,1500000.0,3940000.0572,2018-01-31T13:53:41.361000Z
1.2464,1.24643,1200000.0477,3369999.8856,2018-01-31T13:53:41.676000Z
1.2464,1.24645,7389999.8665,5250000.0,2018-01-31T13:53:42.177000Z
1.24641,1.24644,2849999.9046,1000000.0,2018-01-31T13:53:42.694000Z
1.24642,1.2464600000000001,1950000.0477,1950000.0477,2018-01-31T13:53:43.372000Z
1.24644,1.2464700000000002,7500000.0,1000000.0,2018-01-31T13:53:43.530000Z
1.24645,1.24649,16010000.2289,1200000.0477,2018-01-31T13:53:43.635000Z
1.24649,1.24651,1500000.0,2140000.1049,2018-01-31T13:53:43.688000Z
1.24649,1.24652,10760000.2289,1000000.0,2018-01-31T13:53:43.861000Z
1.24648,1.24651,1100000.0238,1490000.0095,2018-01-31T13:53:44.174000Z
1.24648,1.24651,1950000.0477,1309999.9428,2018-01-31T13:53:44.676000Z
1.24649,1.24651,1000000.0,2059999.9428,2018-01-31T13:53:45.208000Z
1.24648,1.24651,1570000.0525,1250000.0,2018-01-31T13:53:45.727000Z
1.24648,1.2465000000000002,1500000.0,1500000.0,2018-01-31T13:53:46.229000Z
1.24648,1.24651,1500000.0,2809999.9428,2018-01-31T13:53:46.809000Z
1.24648,1.2465000000000002,1500000.0,1000000.0,2018-01-31T13:53:47.349000Z
1.24649,1.24653,2319999.9332,2140000.1049,2018-01-31T13:53:47.663000Z
1.24648,1.24652,2700000.0477,3640000.1049,2018-01-31T13:53:48.271000Z
1.2465000000000002,1.24652,1000000.0,1000000.0,2018-01-31T13:53:48.429000Z
1.2465000000000002,1.24653,1870000.0048,1690000.0572,2018-01-31T13:53:48.975000Z
1.2465000000000002,1.24652,2440000.0572,1000000.0,2018-01-31T13:53:49.629000Z
1.24651,1.24655,2250000.0,10090000.1526,2018-01-31T13:53:49.735000Z
1.24652,1.24654,1000000.0,2059999.9428,2018-01-31T13:53:50.304000Z
1.24651,1.24654,1570000.0525,2809999.9428,2018-01-31T13:53:50.807000Z
1.24653,1.24654,1000000.0,1120000.0048,2018-01-31T13:53:51.174000Z
1.24651,1.24655,1570000.0525,3559999.9428,2018-01-31T13:53:51.537000Z
1.24654,1.2465700000000002,2250000.0,2319999.9332,2018-01-31T13:53:52.095000Z
1.24655,1.2465700000000002,1500000.0,1000000.0,2018-01-31T13:53:52.705000Z
1.24655,1.2465700000000002,3069999.9332,1000000.0,2018-01-31T13:53:53.242000Z
1.2466000000000002,1.24662,1120000.0048,1000000.0,2018-01-31T13:53:53.397000Z
1.24659,1.24662,1120000.0048,8439999.5804,2018-01-31T13:53:53.619000Z
1.2465700000000002,1.24661,1000000.0,5440000.0572,2018-01-31T13:53:53.912000Z
1.2465600000000001,1.24658,1419999.9571,2440000.0572,2018-01-31T13:53:53.967000Z
1.2465600000000001,1.24658,1720000.0286,1690000.0572,2018-01-31T13:53:54.479000Z
1.24659,1.24662,2250000.0,1250000.0,2018-01-31T13:53:54.739000Z
1.2466000000000002,1.24663,2319999.9332,3559999.9428,2018-01-31T13:53:55.267000Z
1.2466000000000002,1.24662,1500000.0,1250000.0,2018-01-31T13:53:55.783000Z
1.24658,1.24662,6070000.1717,2440000.0572,2018-01-31T13:53:56.321000Z
1.2466000000000002,1.24663,7570000.1717,2250000.0,2018-01-31T13:53:56.480000Z
1.24661,1.24664,9449999.8093,2619999.8856,2018-01-31T13:53:56.688000Z
1.24666,1.2466700000000002,1000000.0,1000000.0,2018-01-31T13:53:56.997000Z
1.24666,1.24669,1200000.0477,1870000.0048,2018-01-31T13:53:57.411000Z
1.24666,1.2467000000000001,1570000.0525,4389999.8665,2018-01-31T13:53:58.617000Z
1.24668,1.2467100000000002,1000000.0,5139999.8665,2018-01-31T13:53:58.671000Z
1.24669,1.24674,7760000.2289,8890000.3433,2018-01-31T13:53:58.833000Z
1.2467000000000001,1.24673,1000000.0,3750000.0,2018-01-31T13:53:59.335000Z
1.24669,1.2467100000000002,1500000.0,1500000.0,2018-01-31T13:53:59.720000Z
1.24669,1.24672,1000000.0,5059999.9428,2018-01-31T13:54:00.252000Z
1.24669,1.2467100000000002,2250000.0,1120000.0048,2018-01-31T13:54:01.431000Z
1.24669,1.24672,1570000.0525,1309999.9428,2018-01-31T13:54:02.586000Z
1.2466700000000002,1.2467000000000001,3069999.9332,2809999.9428,2018-01-31T13:54:03.131000Z
1.2467000000000001,1.24672,1000000.0,1950000.0477,2018-01-31T13:54:03.516000Z
1.2467100000000002,1.24674,10199999.8093,1120000.0048,2018-01-31T13:54:03.930000Z
1.2467100000000002,1.24672,1500000.0,1500000.0,2018-01-31T13:54:04.241000Z
1.2467000000000001,1.24672,3369999.8856,1500000.0,2018-01-31T13:54:04.780000Z
1.2467000000000001,1.24672,2250000.0,1000000.0,2018-01-31T13:54:05.296000Z
1.2467100000000002,1.24672,1500000.0,1000000.0,2018-01-31T13:54:08.098000Z
1.24674,1.24676,3369999.8856,8590000.1526,2018-01-31T13:54:09.576000Z
1.24673,1.24676,3190000.0572,3819999.9332,2018-01-31T13:54:09.629000Z
1.24675,1.2467700000000002,2619999.8856,1500000.0,2018-01-31T13:54:09.733000Z
1.2467700000000002,1.24679,2619999.8856,1000000.0,2018-01-31T13:54:10.068000Z
1.24678,1.2468000000000001,2700000.0477,1500000.0,2018-01-31T13:54:10.172000Z
1.2468000000000001,1.24682,5500000.0,1570000.0525,2018-01-31T13:54:10.224000Z
1.2468000000000001,1.2468299999999999,6449999.8093,2619999.8856,2018-01-31T13:54:10.278000Z
1.2468000000000001,1.24682,5320000.1717,1000000.0,2018-01-31T13:54:10.785000Z
1.24678,1.2468100000000002,6820000.1717,4760000.2289,2018-01-31T13:54:11.831000Z
1.2467700000000002,1.24679,1120000.0048,1000000.0,2018-01-31T13:54:11.883000Z
1.24679,1.2468000000000001,3369999.8856,1309999.9428,2018-01-31T13:54:13.210000Z
1.2467700000000002,1.24678,1000000.0,1000000.0,2018-01-31T13:54:13.601000Z
1.24674,1.24676,1100000.0238,1000000.0,2018-01-31T13:54:13.756000Z
1.24672,1.24674,1000000.0,1000000.0,2018-01-31T13:54:13.910000Z
1.2467100000000002,1.24673,2250000.0,1000000.0,2018-01-31T13:54:13.962000Z
1.2467100000000002,1.24673,1200000.0477,1000000.0,2018-01-31T13:54:14.482000Z
1.24672,1.24673,1100000.0238,1000000.0,2018-01-31T13:54:15.074000Z
1.24676,1.2467700000000002,1309999.9428,1690000.0572,2018-01-31T13:54:15.419000Z
1.24676,1.24678,1120000.0048,2059999.9428,2018-01-31T13:54:15.953000Z
1.24675,1.2467700000000002,1309999.9428,1690000.0572,2018-01-31T13:54:16.497000Z
1.24675,1.2467700000000002,1389999.9857,1690000.0572,2018-01-31T13:54:17.014000Z
1.24674,1.24676,8439999.5804,1500000.0,2018-01-31T13:54:17.565000Z
1.24675,1.2467700000000002,1000000.0,1690000.0572,2018-01-31T13:54:17.956000Z
1.24674,1.24676,1309999.9428,1000000.0,2018-01-31T13:54:18.109000Z
1.24678,1.24679,1200000.0477,6000000.0,2018-01-31T13:54:18.711000Z
1.24674,1.24678,5139999.8665,2619999.8856,2018-01-31T13:54:19.235000Z
1.24674,1.24676,2619999.8856,1500000.0,2018-01-31T13:54:19.288000Z
1.24672,1.24676,4570000.1717,8439999.5804,2018-01-31T13:54:19.394000Z
1.24673,1.24675,4119999.8856,1000000.0,2018-01-31T13:54:19.545000Z
1.24676,1.2467700000000002,1000000.0,1000000.0,2018-01-31T13:54:21.945000Z
1.24675,1.2467700000000002,1870000.0048,2440000.0572,2018-01-31T13:54:22.457000Z
1.24675,1.24676,1500000.0,1000000.0,2018-01-31T13:54:23.143000Z
1.24674,1.2467700000000002,4869999.8856,1690000.0572,2018-01-31T13:54:23.722000Z
1.24675,1.24676,1000000.0,1000000.0,2018-01-31T13:54:24.862000Z
1.24678,1.2468000000000001,3369999.8856,1870000.0048,2018-01-31T13:54:25.046000Z
1.2467700000000002,1.24679,2619999.8856,1000000.0,2018-01-31T13:54:25.150000Z
1.24678,1.24679,1000000.0,1500000.0,2018-01-31T13:54:25.969000Z
1.2467700000000002,1.24679,3369999.8856,1000000.0,2018-01-31T13:54:26.643000Z
1.2468000000000001,1.24682,4119999.8856,1000000.0,2018-01-31T13:54:26.963000Z
1.2468000000000001,1.2468299999999999,6369999.8856,1120000.0048,2018-01-31T13:54:27.016000Z
1.24682,1.24685,1690000.0572,1870000.0048,2018-01-31T13:54:27.542000Z
1.2468299999999999,1.24685,2809999.9428,1000000.0,2018-01-31T13:54:28.087000Z
1.2468700000000001,1.24688,1870000.0048,1500000.0,2018-01-31T13:54:28.395000Z
1.24688,1.24689,1000000.0,1500000.0,2018-01-31T13:54:29.153000Z
1.2468700000000001,1.2469000000000001,1570000.0525,2619999.8856,2018-01-31T13:54:29.258000Z
1.2469000000000001,1.24692,3000000.0,2319999.9332,2018-01-31T13:54:29.312000Z
1.24695,1.2469700000000001,1120000.0048,3369999.8856,2018-01-31T13:54:29.469000Z
1.24694,1.24695,1950000.0477,1870000.0048,2018-01-31T13:54:29.625000Z
1.2469100000000002,1.24692,1350000.0238,1000000.0,2018-01-31T13:54:29.824000Z
1.24688,1.2469000000000001,2319999.9332,2250000.0,2018-01-31T13:54:30.090000Z
1.2468700000000001,1.24689,3819999.9332,1500000.0,2018-01-31T13:54:30.247000Z
1.2468700000000001,1.24689,1870000.0048,1000000.0,2018-01-31T13:54:32.017000Z
1.24688,1.2469000000000001,1000000.0,1000000.0,2018-01-31T13:54:33.125000Z
1.2469000000000001,1.2469100000000002,1000000.0,1250000.0,2018-01-31T13:54:33.385000Z
1.24688,1.2469000000000001,1570000.0525,1500000.0,2018-01-31T13:54:33.648000Z
1.2469000000000001,1.2469100000000002,1000000.0,1500000.0,2018-01-31T13:54:33.994000Z
1.2469000000000001,1.24692,3450000.0477,1000000.0,2018-01-31T13:54:34.539000Z
1.2469000000000001,1.24693,4570000.1717,1500000.0,2018-01-31T13:54:35.534000Z
1.2469100000000002,1.24693,5320000.1717,1000000.0,2018-01-31T13:54:35.841000Z
1.2469100000000002,1.24692,1000000.0,1000000.0,2018-01-31T13:54:36.543000Z
1.24689,1.2469100000000002,2519999.9809,1000000.0,2018-01-31T13:54:36.648000Z
1.24688,1.2469000000000001,3640000.1049,1000000.0,2018-01-31T13:54:36.753000Z
1.24688,1.24689,1120000.0048,1000000.0,2018-01-31T13:54:37.281000Z
1.24688,1.2469000000000001,5429999.8283,1000000.0,2018-01-31T13:54:37.434000Z
1.2468700000000001,1.24689,1500000.0,1000000.0,2018-01-31T13:54:37.539000Z
1.2468700000000001,1.24689,4119999.8856,1000000.0,2018-01-31T13:54:38.097000Z
1.24688,1.2469100000000002,4199999.8093,1870000.0048,2018-01-31T13:54:38.203000Z
1.24688,1.2469000000000001,5320000.1717,1000000.0,2018-01-31T13:54:38.755000Z
1.24688,1.2469000000000001,9069999.6948,1000000.0,2018-01-31T13:54:39.372000Z
1.24688,1.2469000000000001,1120000.0048,1000000.0,2018-01-31T13:54:39.895000Z
1.24689,1.24692,3750000.0,1500000.0,2018-01-31T13:54:40.356000Z
1.24686,1.24688,3819999.9332,1000000.0,2018-01-31T13:54:40.409000Z
1.2468299999999999,1.24686,1200000.0477,3599999.9046,2018-01-31T13:54:40.872000Z
1.2468000000000001,1.24682,5510000.2289,1000000.0,2018-01-31T13:54:41.108000Z
1.2468000000000001,1.24682,3369999.8856,1000000.0,2018-01-31T13:54:42.132000Z
1.2467700000000002,1.2468100000000002,4119999.8856,2170000.0763,2018-01-31T13:54:42.354000Z
1.24678,1.2468000000000001,1120000.0048,1000000.0,2018-01-31T13:54:42.893000Z
1.24678,1.2468100000000002,1870000.0048,1000000.0,2018-01-31T13:54:43.530000Z
1.24678,1.2468000000000001,1870000.0048,1000000.0,2018-01-31T13:54:44.116000Z
1.2468100000000002,1.24682,1000000.0,1000000.0,2018-01-31T13:54:44.272000Z
1.2468299999999999,1.24684,1120000.0048,1120000.0048,2018-01-31T13:54:44.615000Z
1.24682,1.24684,4949999.8093,1000000.0,2018-01-31T13:54:46.083000Z
1.2468100000000002,1.2468299999999999,4119999.8856,2250000.0,2018-01-31T13:54:47.202000Z
1.24676,1.24678,1000000.0,1000000.0,2018-01-31T13:54:47.480000Z
1.24675,1.24676,1120000.0048,1000000.0,2018-01-31T13:54:47.532000Z
1.24676,1.2467700000000002,1000000.0,1500000.0,2018-01-31T13:54:48.921000Z
1.24675,1.2467700000000002,1570000.0525,1000000.0,2018-01-31T13:54:49.439000Z
1.24676,1.2467700000000002,1000000.0,1000000.0,2018-01-31T13:54:50.154000Z
1.24675,1.2467700000000002,3450000.0477,1000000.0,2018-01-31T13:54:50.696000Z
1.24676,1.24679,1500000.0,1870000.0048,2018-01-31T13:54:51.012000Z
1.24678,1.24679,1000000.0,1870000.0048,2018-01-31T13:54:51.145000Z
1.2467700000000002,1.24679,5250000.0,1120000.0048,2018-01-31T13:54:51.196000Z
1.24678,1.24679,1000000.0,1120000.0048,2018-01-31T13:54:51.756000Z
1.2467700000000002,1.24679,4309999.9428,1000000.0,2018-01-31T13:54:52.299000Z
1.24679,1.2468000000000001,1000000.0,1120000.0048,2018-01-31T13:54:52.648000Z
1.2467700000000002,1.2468000000000001,4760000.2289,1120000.0048,2018-01-31T13:54:52.804000Z
1.2467700000000002,1.24679,5699999.8093,1000000.0,2018-01-31T13:54:53.335000Z
1.24673,1.24675,1200000.0477,1309999.9428,2018-01-31T13:54:53.571000Z
1.24672,1.24674,1000000.0,1500000.0,2018-01-31T13:54:54.095000Z
1.2467100000000002,1.24673,6000000.0,1000000.0,2018-01-31T13:54:54.408000Z
1.2467100000000002,1.24674,7010000.2289,1690000.0572,2018-01-31T13:54:54.545000Z
1.2467100000000002,1.24674,12130000.1144,1120000.0048,2018-01-31T13:54:55.087000Z
1.24672,1.24674,2059999.9428,1000000.0,2018-01-31T13:54:58.463000Z
1.2467100000000002,1.24673,1950000.0477,1000000.0,2018-01-31T13:54:59.877000Z
1.2467000000000001,1.24672,1500000.0,1000000.0,2018-01-31T13:55:00.086000Z
1.24668,1.24669,4949999.8093,1000000.0,2018-01-31T13:55:05.835000Z
1.24665,1.2466700000000002,1950000.0477,1309999.9428,2018-01-31T13:55:05.899000Z
1.24662,1.24665,2700000.0477,1000000.0,2018-01-31T13:55:06.260000Z
1.24662,1.24664,1870000.0048,1000000.0,2018-01-31T13:55:07.374000Z
1.24663,1.24664,1000000.0,1000000.0,2018-01-31T13:55:09.132000Z
1.24662,1.2466700000000002,2250000.0,8550000.1907,2018-01-31T13:55:09.346000Z
1.24662,1.24666,2250000.0,1250000.0,2018-01-31T13:55:10.145000Z
1.24662,1.24665,1120000.0048,1500000.0,2018-01-31T13:55:10.352000Z
1.24661,1.24664,1120000.0048,1250000.0,2018-01-31T13:55:10.854000Z
1.2466000000000002,1.24665,4329999.9237,8319999.6948,2018-01-31T13:55:11.544000Z
1.24661,1.24664,1120000.0048,2250000.0,2018-01-31T13:55:12.078000Z
1.2466000000000002,1.24665,3579999.9237,3069999.9332,2018-01-31T13:55:12.590000Z
1.2466000000000002,1.24664,2450000.0477,1000000.0,2018-01-31T13:55:14.424000Z
1.24663,1.24666,1500000.0,4010000.2289,2018-01-31T13:55:14.772000Z
1.24664,1.24668,1950000.0477,1389999.9857,2018-01-31T13:55:14.880000Z
1.24666,1.24668,1000000.0,1309999.9428,2018-01-31T13:55:15.196000Z
1.24665,1.24669,1500000.0,3450000.0477,2018-01-31T13:55:15.875000Z
1.24666,1.24668,1000000.0,4309999.9428,2018-01-31T13:55:16.433000Z
1.24665,1.24669,1870000.0048,7570000.1717,2018-01-31T13:55:17.152000Z
1.2466700000000002,1.24669,1000000.0,1100000.0238,2018-01-31T13:55:17.995000Z
1.24669,1.2467100000000002,1000000.0,4119999.8856,2018-01-31T13:55:18.344000Z
1.24666,1.2467000000000001,6820000.1717,1250000.0,2018-01-31T13:55:18.602000Z
1.24666,1.24668,2059999.9428,1000000.0,2018-01-31T13:55:18.707000Z
1.24665,1.2466700000000002,1000000.0,1190000.0572,2018-01-31T13:55:19.020000Z
1.24664,1.2466700000000002,1500000.0,5619999.8856,2018-01-31T13:55:19.637000Z
1.24662,1.24665,3410000.0858,1870000.0048,2018-01-31T13:55:20.128000Z
1.2466000000000002,1.24663,3069999.9332,1250000.0,2018-01-31T13:55:20.353000Z
1.2466000000000002,1.24663,1120000.0048,4500000.0,2018-01-31T13:55:20.818000Z
1.24658,1.24661,2619999.8856,3789999.9619,2018-01-31T13:55:21.028000Z
1.2465600000000001,1.24659,1000000.0,7349999.9046,2018-01-31T13:55:21.345000Z
1.24655,1.2465600000000001,1120000.0048,1690000.0572,2018-01-31T13:55:21.859000Z
1.24651,1.24655,2250000.0,3559999.9428,2018-01-31T13:55:21.968000Z
1.2465000000000002,1.24654,2440000.0572,2809999.9428,2018-01-31T13:55:23.182000Z
1.2465000000000002,1.24654,2319999.9332,1309999.9428,2018-01-31T13:55:23.993000Z
1.24649,1.24652,4570000.1717,8470000.267,2018-01-31T13:55:24.427000Z
1.24642,1.2464600000000001,1070000.0525,12189999.5804,2018-01-31T13:55:24.741000Z
1.24641,1.2464600000000001,1500000.0,12109999.6567,2018-01-31T13:55:25.321000Z
1.24641,1.24645,2619999.8856,5230000.0191,2018-01-31T13:55:25.982000Z
1.24641,1.24645,3369999.8856,1870000.0048,2018-01-31T13:55:26.586000Z
1.24644,1.24648,4010000.2289,2140000.1049,2018-01-31T13:55:26.895000Z
1.24644,1.2465000000000002,5320000.1717,18069999.6948,2018-01-31T13:55:27.520000Z
1.2464700000000002,1.24651,5250000.0,1570000.0525,2018-01-31T13:55:27.834000Z
1.2464700000000002,1.24652,12630000.1144,1870000.0048,2018-01-31T13:55:28.001000Z
1.24649,1.24654,3369999.8856,4010000.2289,2018-01-31T13:55:28.518000Z
1.24649,1.24654,9439999.5804,1389999.9857,2018-01-31T13:55:29.156000Z
1.24649,1.24651,3069999.9332,1000000.0,2018-01-31T13:55:29.781000Z
1.2464600000000001,1.24648,1500000.0,1120000.0048,2018-01-31T13:55:29.984000Z
1.24645,1.24648,1500000.0,2319999.9332,2018-01-31T13:55:30.141000Z
1.24644,1.24645,1000000.0,1000000.0,2018-01-31T13:55:30.307000Z
1.24642,1.24645,1389999.9857,1690000.0572,2018-01-31T13:55:30.359000Z
1.24641,1.24645,2809999.9428,2700000.0477,2018-01-31T13:55:30.955000Z
1.24644,1.2464600000000001,1000000.0,2140000.1049,2018-01-31T13:55:31.300000Z
1.24644,1.2464700000000002,1000000.0,2509999.9905,2018-01-31T13:55:31.508000Z
1.24643,1.2464600000000001,2619999.8856,1000000.0,2018-01-31T13:55:32.027000Z
1.2464600000000001,1.24649,2250000.0,2700000.0477,2018-01-31T13:55:32.135000Z
1.2464700000000002,1.2465000000000002,1870000.0048,1950000.0477,2018-01-31T13:55:32.240000Z
1.24645,1.24648,3190000.0572,1009999.9905,2018-01-31T13:55:32.758000Z
1.24645,1.24649,3750000.0,3259999.9905,2018-01-31T13:55:33.639000Z
1.24645,1.24649,5619999.8856,2440000.0572,2018-01-31T13:55:34.157000Z
1.2465000000000002,1.24653,4159999.8474,1309999.9428,2018-01-31T13:55:34.552000Z
1.24651,1.24655,3000000.0,2319999.9332,2018-01-31T13:55:35.018000Z
1.24652,1.2465600000000001,1870000.0048,1120000.0048,2018-01-31T13:55:35.558000Z
1.24652,1.24655,2619999.8856,1000000.0,2018-01-31T13:55:36.083000Z
1.24651,1.24654,2099999.9046,1009999.9905,2018-01-31T13:55:36.389000Z
1.24652,1.24655,1000000.0,2700000.0477,2018-01-31T13:55:36.950000Z
1.24651,1.24655,1870000.0048,3450000.0477,2018-01-31T13:55:37.481000Z
1.24652,1.24655,1120000.0048,1500000.0,2018-01-31T13:55:38.009000Z
1.24651,1.24655,2250000.0,2319999.9332,2018-01-31T13:55:40.358000Z
1.24653,1.24655,1000000.0,1200000.0477,2018-01-31T13:55:40.889000Z
1.24654,1.2465700000000002,1120000.0048,1759999.9905,2018-01-31T13:55:40.991000Z
1.24655,1.2465700000000002,1000000.0,1389999.9857,2018-01-31T13:55:41.508000Z
1.24655,1.24658,1500000.0,1759999.9905,2018-01-31T13:55:43.019000Z
1.24655,1.2465600000000001,4869999.8856,1000000.0,2018-01-31T13:55:43.552000Z
1.24655,1.2465700000000002,1120000.0048,1570000.0525,2018-01-31T13:55:44.057000Z
1.24654,1.2465700000000002,2250000.0,1200000.0477,2018-01-31T13:55:44.646000Z
1.2465600000000001,1.24658,1120000.0048,1570000.0525,2018-01-31T13:55:45.628000Z
1.24654,1.2465700000000002,1309999.9428,1200000.0477,2018-01-31T13:55:45.791000Z
1.24655,1.24658,1120000.0048,2319999.9332,2018-01-31T13:55:46.925000Z
1.2465600000000001,1.2466000000000002,4309999.9428,8319999.6948,2018-01-31T13:55:47.439000Z
1.24658,1.2466000000000002,1000000.0,2700000.0477,2018-01-31T13:55:47.806000Z
1.2465700000000002,1.24659,1000000.0,1389999.9857,2018-01-31T13:55:48.384000Z
1.2465600000000001,1.24659,1120000.0048,3559999.9428,2018-01-31T13:55:49.906000Z
1.24655,1.24658,5809999.9428,2250000.0,2018-01-31T13:55:49.959000Z
1.2465600000000001,1.24658,1500000.0,1870000.0048,2018-01-31T13:55:50.709000Z
1.24655,1.24659,4119999.8856,2319999.9332,2018-01-31T13:55:51.251000Z
1.2465600000000001,1.24658,1500000.0,1000000.0,2018-01-31T13:55:51.760000Z
1.24655,1.24659,6369999.8856,3259999.9905,2018-01-31T13:55:52.289000Z
1.24655,1.24659,7869999.8856,2140000.1049,2018-01-31T13:55:52.989000Z
1.2465600000000001,1.24659,1000000.0,4570000.1717,2018-01-31T13:55:53.784000Z
1.24655,1.24658,4309999.9428,1570000.0525,2018-01-31T13:55:54.311000Z
1.24655,1.24659,6369999.8856,2700000.0477,2018-01-31T13:55:54.506000Z
1.24655,1.24659,2250000.0,3450000.0477,2018-01-31T13:55:55.019000Z
1.2465600000000001,1.24659,5059999.9428,2319999.9332,2018-01-31T13:55:57.328000Z
1.2465700000000002,1.24659,1000000.0,3069999.9332,2018-01-31T13:55:58.647000Z
1.24659,1.2466000000000002,3750000.0,1759999.9905,2018-01-31T13:55:58.803000Z
1.24666,1.2466700000000002,1500000.0,1200000.0477,2018-01-31T13:55:59.146000Z
1.24666,1.2467000000000001,3369999.8856,7760000.2289,2018-01-31T13:55:59.256000Z
1.24668,1.2467100000000002,5250000.0,1570000.0525,2018-01-31T13:55:59.416000Z
1.24668,1.2467100000000002,6750000.0,3069999.9332,2018-01-31T13:55:59.755000Z
1.2467100000000002,1.24673,1000000.0,3819999.9332,2018-01-31T13:56:00.018000Z
1.24672,1.24674,1000000.0,3259999.9905,2018-01-31T13:56:00.643000Z
1.24672,1.24674,1000000.0,1309999.9428,2018-01-31T13:56:01.220000Z
1.24675,1.24678,1500000.0,3259999.9905,2018-01-31T13:56:01.272000Z
1.24669,1.24673,2619999.8856,1870000.0048,2018-01-31T13:56:01.597000Z
1.2467100000000002,1.24672,1500000.0,1000000.0,2018-01-31T13:56:02.014000Z
1.2467000000000001,1.24673,4690000.0572,1250000.0,2018-01-31T13:56:02.534000Z
1.2466700000000002,1.24668,2250000.0,3000000.0,2018-01-31T13:56:02.869000Z
1.24665,1.24666,1100000.0238,1000000.0,2018-01-31T13:56:02.924000Z
1.24665,1.24666,1500000.0,1000000.0,2018-01-31T13:56:03.445000Z
1.24664,1.24665,1000000.0,2059999.9428,2018-01-31T13:56:04.364000Z
1.24661,1.24664,1450000.0477,1500000.0,2018-01-31T13:56:04.417000Z
1.2466000000000002,1.24662,9750000.0,1000000.0,2018-01-31T13:56:04.470000Z
1.24658,1.24661,1870000.0048,1309999.9428,2018-01-31T13:56:04.974000Z
1.24659,1.24661,1000000.0,3369999.8856,2018-01-31T13:56:05.526000Z
1.24655,1.24658,1870000.0048,2140000.1049,2018-01-31T13:56:05.735000Z
1.24655,1.2465700000000002,1870000.0048,1000000.0,2018-01-31T13:56:06.216000Z
1.24651,1.24654,2250000.0,1000000.0,2018-01-31T13:56:06.270000Z
1.24651,1.24653,1370000.0048,1000000.0,2018-01-31T13:56:06.787000Z
1.2465000000000002,1.24653,5659999.8474,1000000.0,2018-01-31T13:56:07.327000Z
1.24654,1.24655,1000000.0,1950000.0477,2018-01-31T13:56:08.062000Z
1.24651,1.24653,2619999.8856,1000000.0,2018-01-31T13:56:08.186000Z
1.24651,1.24652,3559999.9428,1000000.0,2018-01-31T13:56:08.703000Z
1.24652,1.24654,1500000.0,2890000.1049,2018-01-31T13:56:08.806000Z
1.24652,1.24653,1000000.0,1000000.0,2018-01-31T13:56:10.150000Z
1.2465000000000002,1.24653,3369999.8856,1870000.0048,2018-01-31T13:56:10.357000Z
1.2465000000000002,1.24652,2250000.0,1000000.0,2018-01-31T13:56:10.941000Z
1.24651,1.24652,1000000.0,1000000.0,2018-01-31T13:56:11.860000Z
1.2465000000000002,1.24652,3970000.0286,1000000.0,2018-01-31T13:56:12.424000Z
1.24651,1.24652,1500000.0,1000000.0,2018-01-31T13:56:13.038000Z
1.24649,1.2465000000000002,1000000.0,1120000.0048,2018-01-31T13:56:18.287000Z
1.2464700000000002,1.24649,1120000.0048,1870000.0048,2018-01-31T13:56:18.341000Z
1.2464600000000001,1.24648,2440000.0572,1000000.0,2018-01-31T13:56:18.446000Z
1.24641,1.24643,1870000.0048,1000000.0,2018-01-31T13:56:18.774000Z
1.24641,1.24644,2059999.9428,1120000.0048,2018-01-31T13:56:18.827000Z
1.24643,1.24645,5059999.9428,2119999.8856,2018-01-31T13:56:18.883000Z
1.24645,1.2464700000000002,1250000.0,1000000.0,2018-01-31T13:56:18.939000Z
1.24643,1.24644,5739999.7711,1000000.0,2018-01-31T13:56:23.310000Z
1.24641,1.24642,1120000.0048,1000000.0,2018-01-31T13:56:23.629000Z
1.24641,1.24643,1000000.0,1000000.0,2018-01-31T13:56:25.964000Z
1.24641,1.24643,4610000.1335,1000000.0,2018-01-31T13:56:26.539000Z
1.24641,1.24643,3190000.0572,1000000.0,2018-01-31T13:56:27.211000Z
1.2464,1.24642,4800000.1907,1000000.0,2018-01-31T13:56:27.720000Z
1.2464,1.24642,2549999.9523,1000000.0,2018-01-31T13:56:29.891000Z
1.2464,1.24642,3900000.0954,1000000.0,2018-01-31T13:56:30.755000Z
1.2464,1.24642,3150000.0954,1000000.0,2018-01-31T13:56:32.091000Z
1.2464,1.24642,6820000.1717,1000000.0,2018-01-31T13:56:32.834000Z
1.2464,1.24643,3299999.9523,1000000.0,2018-01-31T13:56:33.337000Z
1.2464,1.24643,4800000.1907,1000000.0,2018-01-31T13:56:33.861000Z
1.2464,1.24643,5550000.1907,1950000.0477,2018-01-31T13:56:34.380000Z
1.2464,1.24643,6969999.7902,3450000.0477,2018-01-31T13:56:34.948000Z
1.24643,1.24644,1500000.0,2319999.9332,2018-01-31T13:56:35.946000Z
1.24644,1.2464600000000001,1870000.0048,2700000.0477,2018-01-31T13:56:35.999000Z
1.24643,1.24645,1500000.0,3190000.0572,2018-01-31T13:56:36.051000Z
1.24641,1.24643,1870000.0048,1000000.0,2018-01-31T13:56:36.104000Z
1.24641,1.24643,1120000.0048,1120000.0048,2018-01-31T13:56:37.506000Z
1.24641,1.24644,1049999.9523,6070000.1717,2018-01-31T13:56:38.047000Z
1.2464,1.24642,2920000.0763,10949999.8093,2018-01-31T13:56:38.550000Z
1.2464,1.24642,1799999.9523,15699999.8093,2018-01-31T13:56:38.946000Z
1.2464,1.24642,3299999.9523,1000000.0,2018-01-31T13:56:39.497000Z
1.2464,1.24643,6219999.7902,1000000.0,2018-01-31T13:56:39.602000Z
1.2464,1.24642,2920000.0763,1000000.0,2018-01-31T13:56:42.278000Z
1.24641,1.24642,1120000.0048,2890000.1049,2018-01-31T13:56:45.495000Z
1.24641,1.24642,1120000.0048,2890000.1049,2018-01-31T13:56:46.045000Z
1.24639,1.24641,6559999.9428,1950000.0477,2018-01-31T13:56:46.570000Z
1.2464,1.24641,1000000.0,1950000.0477,2018-01-31T13:56:47.954000Z
1.2464,1.24642,4000000.0,2700000.0477,2018-01-31T13:56:48.568000Z
1.2464,1.24644,5619999.8856,3450000.0477,2018-01-31T13:56:48.876000Z
1.24641,1.24644,2440000.0572,2890000.1049,2018-01-31T13:56:49.060000Z
1.24644,1.2464600000000001,2619999.8856,2700000.0477,2018-01-31T13:56:49.702000Z
1.24645,1.24648,1250000.0,1950000.0477,2018-01-31T13:56:50.225000Z
1.2464600000000001,1.2464700000000002,1120000.0048,1120000.0048,2018-01-31T13:56:50.772000Z
1.24645,1.2464700000000002,6000000.0,1000000.0,2018-01-31T13:56:51.684000Z
1.2464600000000001,1.2464700000000002,3000000.0,1000000.0,2018-01-31T13:56:52.290000Z
1.24648,1.24649,5619999.8856,1000000.0,2018-01-31T13:56:52.446000Z
1.24649,1.24652,1120000.0048,2700000.0477,2018-01-31T13:56:52.500000Z
1.2465000000000002,1.24652,3000000.0,2700000.0477,2018-01-31T13:56:53.107000Z
1.24651,1.24653,6190000.0572,1000000.0,2018-01-31T13:56:53.619000Z
1.24651,1.24652,1000000.0,1000000.0,2018-01-31T13:56:54.161000Z
1.24645,1.2464600000000001,1000000.0,1350000.0238,2018-01-31T13:56:56.064000Z
1.24639,1.2464,1250000.0,1000000.0,2018-01-31T13:56:56.340000Z
1.2463600000000001,1.2463700000000002,1000000.0,3369999.8856,2018-01-31T13:56:56.396000Z
1.2463,1.24632,4500000.0,1200000.0477,2018-01-31T13:56:56.713000Z
1.2463,1.24632,1419999.9571,2319999.9332,2018-01-31T13:56:57.941000Z
1.24633,1.2463600000000001,2890000.1049,1120000.0048,2018-01-31T13:56:58.275000Z
1.24633,1.24634,1200000.0477,3450000.0477,2018-01-31T13:56:58.595000Z
