bid,ask,bid_vol,ask_vol,time
1.16604,1.1660700000000002,1000000.0,4869999.8856,2018-06-29T12:45:00.795000Z
1.16603,1.1660700000000002,2619999.8856,4869999.8856,2018-06-29T12:45:01.299000Z
1.16603,1.1660700000000002,5250000.0,6559999.9428,2018-06-29T12:45:02.785000Z
1.16603,1.1660700000000002,3369999.8856,6369999.8856,2018-06-29T12:45:03.325000Z
1.16602,1.16605,4199999.8093,4119999.8856,2018-06-29T12:45:04.365000Z
1.16601,1.16605,3450000.0477,8319999.6948,2018-06-29T12:45:04.882000Z
1.16601,1.16605,2569999.9332,3819999.9332,2018-06-29T12:45:05.432000Z
1.1660000000000001,1.16604,3069999.9332,1200000.0477,2018-06-29T12:45:06.168000Z
1.16603,1.16605,1000000.0,1100000.0238,2018-06-29T12:45:06.526000Z
1.16603,1.16608,1500000.0,4199999.8093,2018-06-29T12:45:06.680000Z
1.16602,1.16606,10390000.3433,1500000.0,2018-06-29T12:45:07.377000Z
1.16602,1.16603,1000000.0,1500000.0,2018-06-29T12:45:07.587000Z
1.16599,1.16603,7949999.8093,1500000.0,2018-06-29T12:45:07.857000Z
1.16602,1.16605,1000000.0,1100000.0238,2018-06-29T12:45:08.168000Z
1.16603,1.1660700000000002,2700000.0477,8039999.9619,2018-06-29T12:45:08.221000Z
1.16602,1.16605,6070000.1717,1000000.0,2018-06-29T12:45:08.413000Z
1.16604,1.1660700000000002,2250000.0,1000000.0,2018-06-29T12:45:08.727000Z
1.16604,1.1660700000000002,1870000.0048,1000000.0,2018-06-29T12:45:09.251000Z
1.16605,1.1660700000000002,1000000.0,1000000.0,2018-06-29T12:45:09.829000Z
1.16604,1.1660700000000002,2250000.0,1000000.0,2018-06-29T12:45:10.406000Z
1.16605,1.16608,1500000.0,4570000.1717,2018-06-29T12:45:10.910000Z
1.16608,1.1661000000000001,4500000.0,3069999.9332,2018-06-29T12:45:11.273000Z
1.16609,1.16612,3000000.0,3000000.0,2018-06-29T12:45:11.862000Z
1.16606,1.1661100000000002,4690000.0572,4199999.8093,2018-06-29T12:45:12.394000Z
1.16609,1.16612,2250000.0,3000000.0,2018-06-29T12:45:12.553000Z
1.1661100000000002,1.1661299999999999,3190000.0572,1100000.0238,2018-06-29T12:45:12.940000Z
1.1661299999999999,1.16615,1250000.0,1500000.0,2018-06-29T12:45:12.999000Z
1.16612,1.16614,3000000.0,1000000.0,2018-06-29T12:45:13.611000Z
1.16614,1.16616,1500000.0,1200000.0477,2018-06-29T12:45:14.124000Z
1.1661299999999999,1.1661700000000002,2890000.1049,1500000.0,2018-06-29T12:45:14.970000Z
1.1661299999999999,1.16615,3450000.0477,2250000.0,2018-06-29T12:45:15.126000Z
1.1660700000000002,1.16612,1950000.0477,6219999.7902,2018-06-29T12:45:15.283000Z
1.16606,1.1661100000000002,6070000.1717,1500000.0,2018-06-29T12:45:15.342000Z
1.16606,1.16609,5699999.8093,1870000.0048,2018-06-29T12:45:15.453000Z
1.16603,1.1660700000000002,3380000.1144,1120000.0048,2018-06-29T12:45:15.679000Z
1.16603,1.1660700000000002,10569999.6948,1500000.0,2018-06-29T12:45:16.287000Z
1.16602,1.16604,1100000.0238,1500000.0,2018-06-29T12:45:18.908000Z
1.1660000000000001,1.16603,3940000.0572,1000000.0,2018-06-29T12:45:19.025000Z
1.16601,1.16603,1000000.0,2250000.0,2018-06-29T12:45:19.542000Z
1.16599,1.16603,7760000.2289,2250000.0,2018-06-29T12:45:20.090000Z
1.1660000000000001,1.16603,3750000.0,2250000.0,2018-06-29T12:45:20.809000Z
1.16603,1.16606,1000000.0,9750000.0,2018-06-29T12:45:21.409000Z
1.16603,1.1660700000000002,5809999.9428,3750000.0,2018-06-29T12:45:21.565000Z
1.16603,1.16604,1200000.0477,1000000.0,2018-06-29T12:45:22.095000Z
1.1660000000000001,1.16603,1370000.0048,1500000.0,2018-06-29T12:45:22.150000Z
1.16599,1.16603,1870000.0048,2250000.0,2018-06-29T12:45:22.203000Z
1.1660000000000001,1.16603,3750000.0,3000000.0,2018-06-29T12:45:22.566000Z
1.1660000000000001,1.16603,2250000.0,3000000.0,2018-06-29T12:45:23.101000Z
1.16598,1.1660000000000001,1100000.0238,1500000.0,2018-06-29T12:45:23.776000Z
1.16596,1.16598,1870000.0048,1500000.0,2018-06-29T12:45:23.881000Z
1.1659700000000002,1.1660000000000001,1500000.0,2700000.0477,2018-06-29T12:45:23.986000Z
1.16596,1.16599,2250000.0,3000000.0,2018-06-29T12:45:24.307000Z
1.16594,1.16599,1950000.0477,3000000.0,2018-06-29T12:45:24.517000Z
1.16595,1.16598,1500000.0,1870000.0048,2018-06-29T12:45:25.229000Z
1.16594,1.16598,1120000.0048,2059999.9428,2018-06-29T12:45:26.061000Z
1.16593,1.16598,7269999.9809,4489999.7711,2018-06-29T12:45:26.577000Z
1.16594,1.16598,1000000.0,3369999.8856,2018-06-29T12:45:27.096000Z
1.16593,1.16595,2700000.0477,1000000.0,2018-06-29T12:45:27.477000Z
1.16591,1.16593,1000000.0,1000000.0,2018-06-29T12:45:27.658000Z
1.1659000000000002,1.16593,2619999.8856,1000000.0,2018-06-29T12:45:28.176000Z
1.16589,1.16594,1470000.0286,3000000.0,2018-06-29T12:45:28.932000Z
1.16592,1.16595,1500000.0,1000000.0,2018-06-29T12:45:29.169000Z
1.16589,1.16595,9069999.6948,4119999.8856,2018-06-29T12:45:29.453000Z
1.16588,1.16594,9670000.0763,4389999.8665,2018-06-29T12:45:29.974000Z
1.16589,1.16593,1120000.0048,1250000.0,2018-06-29T12:45:30.577000Z
1.16591,1.16595,4500000.0,5699999.8093,2018-06-29T12:45:30.732000Z
1.16593,1.1659700000000002,2619999.8856,1000000.0,2018-06-29T12:45:31.039000Z
1.16592,1.16595,2319999.9332,9000000.0,2018-06-29T12:45:31.244000Z
1.16591,1.16594,3750000.0,1570000.0525,2018-06-29T12:45:31.297000Z
1.16593,1.16595,1500000.0,3000000.0,2018-06-29T12:45:31.608000Z
1.16594,1.1659700000000002,1000000.0,1500000.0,2018-06-29T12:45:32.090000Z
1.16593,1.16598,2319999.9332,3000000.0,2018-06-29T12:45:32.669000Z
1.16594,1.16598,1000000.0,5250000.0,2018-06-29T12:45:33.243000Z
1.16595,1.16598,1000000.0,3750000.0,2018-06-29T12:45:33.780000Z
1.16594,1.1659700000000002,7199999.8093,1120000.0048,2018-06-29T12:45:34.321000Z
1.16596,1.16599,5280000.2098,1120000.0048,2018-06-29T12:45:35.165000Z
1.16598,1.1660000000000001,1759999.9905,1500000.0,2018-06-29T12:45:35.217000Z
1.16599,1.16602,1000000.0,1000000.0,2018-06-29T12:45:35.269000Z
1.16598,1.16599,1950000.0477,1309999.9428,2018-06-29T12:45:35.478000Z
1.16595,1.16599,1389999.9857,4309999.9428,2018-06-29T12:45:35.605000Z
1.16591,1.16595,4199999.8093,2250000.0,2018-06-29T12:45:35.660000Z
1.16591,1.16594,1000000.0,2250000.0,2018-06-29T12:45:36.177000Z
1.1659000000000002,1.16594,4570000.1717,2250000.0,2018-06-29T12:45:36.695000Z
1.16591,1.16594,1000000.0,2250000.0,2018-06-29T12:45:37.380000Z
1.1659000000000002,1.16594,4949999.8093,2250000.0,2018-06-29T12:45:37.943000Z
1.16591,1.16594,1000000.0,2250000.0,2018-06-29T12:45:38.608000Z
1.1659000000000002,1.16594,1100000.0238,4869999.8856,2018-06-29T12:45:39.119000Z
1.16589,1.16594,1570000.0525,5619999.8856,2018-06-29T12:45:39.623000Z
1.16594,1.1659700000000002,3819999.9332,1000000.0,2018-06-29T12:45:39.936000Z
1.16592,1.16595,4010000.2289,3000000.0,2018-06-29T12:45:40.177000Z
1.16589,1.16594,4199999.8093,4309999.9428,2018-06-29T12:45:40.720000Z
1.1659000000000002,1.16594,1100000.0238,6190000.0572,2018-06-29T12:45:41.245000Z
1.16589,1.16593,2700000.0477,1250000.0,2018-06-29T12:45:41.906000Z
1.16589,1.16594,3069999.9332,5250000.0,2018-06-29T12:45:42.414000Z
1.16588,1.16594,4269999.9809,5320000.1717,2018-06-29T12:45:42.926000Z
1.16589,1.16593,1000000.0,1000000.0,2018-06-29T12:45:43.542000Z
1.16592,1.16595,3000000.0,1100000.0238,2018-06-29T12:45:43.750000Z
1.16593,1.1659700000000002,8930000.3052,2250000.0,2018-06-29T12:45:43.959000Z
1.16593,1.16595,2329999.9237,2250000.0,2018-06-29T12:45:44.325000Z
1.1659000000000002,1.16594,3450000.0477,2619999.8856,2018-06-29T12:45:44.387000Z
1.16591,1.16595,3450000.0477,5250000.0,2018-06-29T12:45:44.935000Z
1.16593,1.16596,7500000.0,1000000.0,2018-06-29T12:45:45.598000Z
1.16593,1.1659700000000002,7570000.1717,1500000.0,2018-06-29T12:45:46.209000Z
1.16593,1.16598,6260000.2289,3000000.0,2018-06-29T12:45:46.755000Z
1.16594,1.16598,1100000.0238,6000000.0,2018-06-29T12:45:47.260000Z
1.16592,1.16595,7199999.8093,2619999.8856,2018-06-29T12:45:47.694000Z
1.16591,1.16594,3819999.9332,2250000.0,2018-06-29T12:45:47.853000Z
1.1659000000000002,1.16594,3819999.9332,2319999.9332,2018-06-29T12:45:48.398000Z
1.1659000000000002,1.16593,1000000.0,1000000.0,2018-06-29T12:45:48.911000Z
1.16589,1.16593,6340000.1526,1500000.0,2018-06-29T12:45:50.587000Z
1.1659000000000002,1.16593,1000000.0,1500000.0,2018-06-29T12:45:55.784000Z
1.16594,1.16595,1250000.0,1500000.0,2018-06-29T12:45:56.201000Z
1.16593,1.1659700000000002,7199999.8093,3369999.8856,2018-06-29T12:45:56.253000Z
1.16593,1.1659700000000002,6449999.8093,3000000.0,2018-06-29T12:45:56.793000Z
1.16593,1.16596,2619999.8856,1000000.0,2018-06-29T12:45:57.419000Z
1.1659000000000002,1.16593,1370000.0048,1500000.0,2018-06-29T12:45:57.530000Z
1.16589,1.16593,3069999.9332,1500000.0,2018-06-29T12:45:57.584000Z
1.16592,1.16594,1000000.0,1200000.0477,2018-06-29T12:45:57.796000Z
1.16594,1.16598,1570000.0525,7389999.8665,2018-06-29T12:45:57.953000Z
1.16593,1.16598,11319999.6948,1500000.0,2018-06-29T12:45:58.485000Z
1.1659700000000002,1.16599,2440000.0572,1500000.0,2018-06-29T12:45:58.540000Z
1.16599,1.16602,1120000.0048,2319999.9332,2018-06-29T12:45:58.646000Z
1.16601,1.16604,1000000.0,3069999.9332,2018-06-29T12:45:58.753000Z
1.16598,1.16601,6820000.1717,2619999.8856,2018-06-29T12:45:59.135000Z
1.16594,1.16598,7570000.1717,2250000.0,2018-06-29T12:45:59.401000Z
1.16594,1.1659700000000002,1950000.0477,1000000.0,2018-06-29T12:45:59.944000Z
1.16595,1.1659700000000002,1000000.0,1000000.0,2018-06-29T12:46:00.483000Z
1.16594,1.16598,3069999.9332,1570000.0525,2018-06-29T12:46:01.004000Z
1.16595,1.16598,1000000.0,2319999.9332,2018-06-29T12:46:01.518000Z
1.16594,1.16598,1570000.0525,1570000.0525,2018-06-29T12:46:02.120000Z
1.16596,1.16599,1000000.0,1500000.0,2018-06-29T12:46:02.303000Z
1.16598,1.16603,8060000.4196,3450000.0477,2018-06-29T12:46:02.565000Z
1.16601,1.16603,1000000.0,1100000.0238,2018-06-29T12:46:02.800000Z
1.1660000000000001,1.16603,2250000.0,1009999.9905,2018-06-29T12:46:03.333000Z
1.16601,1.16603,1000000.0,1100000.0238,2018-06-29T12:46:04.668000Z
1.16599,1.16604,4010000.2289,2319999.9332,2018-06-29T12:46:05.258000Z
1.16602,1.16604,1000000.0,3819999.9332,2018-06-29T12:46:05.678000Z
1.1660000000000001,1.16604,6070000.1717,1570000.0525,2018-06-29T12:46:05.993000Z
1.16604,1.16605,1000000.0,1200000.0477,2018-06-29T12:46:06.046000Z
1.16604,1.1660700000000002,1000000.0,6369999.8856,2018-06-29T12:46:06.150000Z
1.16604,1.1660700000000002,1000000.0,6260000.2289,2018-06-29T12:46:06.673000Z
1.16603,1.1660700000000002,3559999.9428,4010000.2289,2018-06-29T12:46:07.204000Z
1.16604,1.1660700000000002,4690000.0572,4760000.2289,2018-06-29T12:46:07.930000Z
1.16602,1.16604,6940000.0572,2440000.0572,2018-06-29T12:46:12.256000Z
1.1660000000000001,1.16604,6190000.0572,7130000.1144,2018-06-29T12:46:12.360000Z
1.1660000000000001,1.16603,3750000.0,6489999.7711,2018-06-29T12:46:13.010000Z
1.16603,1.16605,1000000.0,1200000.0477,2018-06-29T12:46:13.358000Z
1.16603,1.1660700000000002,2619999.8856,4570000.1717,2018-06-29T12:46:13.927000Z
1.16604,1.16606,4690000.0572,1000000.0,2018-06-29T12:46:14.322000Z
1.16604,1.16606,3750000.0,1000000.0,2018-06-29T12:46:14.866000Z
1.16603,1.1660700000000002,3819999.9332,3069999.9332,2018-06-29T12:46:15.572000Z
1.16604,1.16606,1000000.0,1000000.0,2018-06-29T12:46:16.132000Z
1.16603,1.16606,6190000.0572,1309999.9428,2018-06-29T12:46:16.668000Z
1.16604,1.16606,1120000.0048,1120000.0048,2018-06-29T12:46:17.244000Z
1.16601,1.16604,7760000.2289,1000000.0,2018-06-29T12:46:20.361000Z
1.16601,1.16604,3750000.0,3490000.0095,2018-06-29T12:46:20.866000Z
1.16599,1.16602,1250000.0,10430000.3052,2018-06-29T12:46:21.079000Z
1.16598,1.16601,4500000.0,1870000.0048,2018-06-29T12:46:22.203000Z
1.16599,1.16601,1500000.0,2250000.0,2018-06-29T12:46:23Z
1.1659700000000002,1.1660000000000001,1120000.0048,3000000.0,2018-06-29T12:46:23.276000Z
1.1659700000000002,1.16599,1500000.0,1120000.0048,2018-06-29T12:46:23.777000Z
1.16599,1.16601,1000000.0,1200000.0477,2018-06-29T12:46:23.885000Z
1.1660000000000001,1.16603,5250000.0,1000000.0,2018-06-29T12:46:24.147000Z
1.16601,1.16603,2250000.0,1000000.0,2018-06-29T12:46:24.876000Z
1.16601,1.16604,3750000.0,1870000.0048,2018-06-29T12:46:25.423000Z
1.16599,1.16602,3640000.1049,2440000.0572,2018-06-29T12:46:26.497000Z
1.16595,1.1659700000000002,4500000.0,1350000.0238,2018-06-29T12:46:26.819000Z
1.16594,1.16598,7199999.8093,2549999.9523,2018-06-29T12:46:29.019000Z
1.16594,1.16598,7199999.8093,1950000.0477,2018-06-29T12:46:29.555000Z
1.16595,1.16598,1000000.0,1759999.9905,2018-06-29T12:46:30.072000Z
1.16591,1.16595,6190000.0572,7690000.0572,2018-06-29T12:46:30.387000Z
1.16589,1.16593,10079999.9237,1120000.0048,2018-06-29T12:46:30.597000Z
1.1659000000000002,1.16593,2440000.0572,1120000.0048,2018-06-29T12:46:33.287000Z
1.16589,1.16593,8060000.4196,1120000.0048,2018-06-29T12:46:34.452000Z
1.1659000000000002,1.16594,2440000.0572,6449999.8093,2018-06-29T12:46:35.002000Z
1.16589,1.16591,3640000.1049,2059999.9428,2018-06-29T12:46:35.502000Z
1.1658700000000002,1.1659000000000002,1000000.0,1950000.0477,2018-06-29T12:46:35.556000Z
1.16588,1.1659000000000002,2440000.0572,1000000.0,2018-06-29T12:46:36.060000Z
1.1658700000000002,1.1659000000000002,5809999.9428,1000000.0,2018-06-29T12:46:36.609000Z
1.16588,1.16591,3750000.0,2250000.0,2018-06-29T12:46:37.123000Z
1.1658700000000002,1.16591,5699999.8093,2250000.0,2018-06-29T12:46:38.165000Z
1.16589,1.16591,4119999.8856,1120000.0048,2018-06-29T12:46:38.220000Z
1.16589,1.16593,6559999.9428,1500000.0,2018-06-29T12:46:38.380000Z
1.1659000000000002,1.16591,1000000.0,1000000.0,2018-06-29T12:46:39.151000Z
1.16589,1.16591,6369999.8856,1000000.0,2018-06-29T12:46:39.805000Z
1.16588,1.16591,3559999.9428,1000000.0,2018-06-29T12:46:40.372000Z
1.1658600000000001,1.1659000000000002,13390000.3433,3559999.9428,2018-06-29T12:46:40.476000Z
1.1658700000000002,1.16589,3750000.0,1120000.0048,2018-06-29T12:46:41.054000Z
1.16588,1.16591,2619999.8856,3000000.0,2018-06-29T12:46:42.405000Z
1.1659000000000002,1.16592,1000000.0,2250000.0,2018-06-29T12:46:42.559000Z
1.16589,1.16591,3750000.0,1120000.0048,2018-06-29T12:46:43.190000Z
1.16589,1.16591,3750000.0,1500000.0,2018-06-29T12:46:44.017000Z
1.16588,1.16589,3750000.0,1000000.0,2018-06-29T12:46:44.732000Z
1.16588,1.16591,11810000.4196,2809999.9428,2018-06-29T12:46:44.940000Z
1.16589,1.16592,6070000.1717,1500000.0,2018-06-29T12:46:45.502000Z
1.1659000000000002,1.16592,2440000.0572,1000000.0,2018-06-29T12:46:46.039000Z
1.16591,1.16593,3750000.0,1000000.0,2018-06-29T12:46:47.864000Z
1.16591,1.16594,6750000.0,5699999.8093,2018-06-29T12:46:48.069000Z
1.16591,1.16594,4500000.0,2250000.0,2018-06-29T12:46:49.130000Z
1.16592,1.16594,2619999.8856,1000000.0,2018-06-29T12:46:49.639000Z
1.16593,1.16595,4000000.0,1950000.0477,2018-06-29T12:46:49.693000Z
1.16594,1.16596,1000000.0,2619999.8856,2018-06-29T12:46:50.222000Z
1.16595,1.16598,1000000.0,4199999.8093,2018-06-29T12:46:50.276000Z
1.16595,1.1659700000000002,3000000.0,1000000.0,2018-06-29T12:46:50.780000Z
1.16592,1.16594,2700000.0477,4869999.8856,2018-06-29T12:46:53.287000Z
1.1658600000000001,1.16588,1500000.0,1000000.0,2018-06-29T12:46:53.447000Z
1.16585,1.16589,3559999.9428,1250000.0,2018-06-29T12:46:53.972000Z
1.1658600000000001,1.16588,1000000.0,1000000.0,2018-06-29T12:46:54.480000Z
1.16583,1.1658700000000002,2140000.1049,1500000.0,2018-06-29T12:46:55.173000Z
1.16583,1.1658700000000002,5320000.1717,1100000.0238,2018-06-29T12:46:55.685000Z
1.16583,1.1658700000000002,5570000.1717,1000000.0,2018-06-29T12:46:56.664000Z
1.16583,1.16588,3450000.0477,4869999.8856,2018-06-29T12:46:57.278000Z
1.16584,1.16588,2319999.9332,5619999.8856,2018-06-29T12:46:57.787000Z
1.16584,1.16588,1570000.0525,5619999.8856,2018-06-29T12:46:58.354000Z
1.16584,1.16588,1500000.0,5619999.8856,2018-06-29T12:46:58.902000Z
1.16584,1.1658700000000002,1500000.0,1120000.0048,2018-06-29T12:46:59.644000Z
1.16584,1.1658700000000002,1120000.0048,2619999.8856,2018-06-29T12:47:00.373000Z
1.16583,1.16585,1570000.0525,1000000.0,2018-06-29T12:47:01.836000Z
1.16584,1.1658700000000002,1100000.0238,2619999.8856,2018-06-29T12:47:01.888000Z
1.16589,1.1659000000000002,1120000.0048,5250000.0,2018-06-29T12:47:03.089000Z
1.16589,1.16592,1120000.0048,1000000.0,2018-06-29T12:47:03.147000Z
1.16589,1.16591,1200000.0477,2250000.0,2018-06-29T12:47:03.717000Z
1.16588,1.16591,1950000.0477,2440000.0572,2018-06-29T12:47:04.274000Z
1.16588,1.16591,1000000.0,5250000.0,2018-06-29T12:47:05.149000Z
1.1658600000000001,1.16588,1070000.0525,1500000.0,2018-06-29T12:47:05.618000Z
1.16584,1.1658700000000002,3069999.9332,1120000.0048,2018-06-29T12:47:05.809000Z
1.16583,1.1658700000000002,3450000.0477,1000000.0,2018-06-29T12:47:06.969000Z
1.16583,1.1658700000000002,3450000.0477,1000000.0,2018-06-29T12:47:07.470000Z
1.16584,1.16588,1100000.0238,3369999.8856,2018-06-29T12:47:08.043000Z
1.1658600000000001,1.16588,4119999.8856,1000000.0,2018-06-29T12:47:10.558000Z
1.16588,1.16589,1500000.0,2250000.0,2018-06-29T12:47:10.662000Z
1.16589,1.16593,1100000.0238,2059999.9428,2018-06-29T12:47:10.716000Z
1.16589,1.16592,2700000.0477,1500000.0,2018-06-29T12:47:11.240000Z
1.16589,1.16592,1470000.0286,1500000.0,2018-06-29T12:47:11.766000Z
1.16589,1.16591,1120000.0048,2250000.0,2018-06-29T12:47:13.184000Z
1.16588,1.16592,2700000.0477,3369999.8856,2018-06-29T12:47:13.801000Z
1.1659000000000002,1.16592,1100000.0238,1000000.0,2018-06-29T12:47:15.902000Z
1.16591,1.16594,2319999.9332,2250000.0,2018-06-29T12:47:15.955000Z
1.16593,1.16595,1500000.0,1500000.0,2018-06-29T12:47:16.009000Z
1.1659700000000002,1.16599,1950000.0477,1120000.0048,2018-06-29T12:47:16.168000Z
1.16598,1.16602,3000000.0,8250000.0,2018-06-29T12:47:16.221000Z
1.16598,1.1660000000000001,1100000.0238,2440000.0572,2018-06-29T12:47:16.369000Z
1.16595,1.16599,3069999.9332,4500000.0,2018-06-29T12:47:16.422000Z
1.16594,1.16598,3450000.0477,1870000.0048,2018-06-29T12:47:17.056000Z
1.16598,1.1660000000000001,1000000.0,1500000.0,2018-06-29T12:47:17.264000Z
1.16598,1.16602,2700000.0477,3750000.0,2018-06-29T12:47:17.370000Z
1.16598,1.1660000000000001,1000000.0,2440000.0572,2018-06-29T12:47:17.525000Z
1.16594,1.1659700000000002,1100000.0238,1500000.0,2018-06-29T12:47:17.707000Z
1.16594,1.16595,1000000.0,2250000.0,2018-06-29T12:47:19.190000Z
1.16591,1.16594,1500000.0,1500000.0,2018-06-29T12:47:19.340000Z
1.1659000000000002,1.16594,2509999.9905,5440000.0572,2018-06-29T12:47:20.019000Z
1.16588,1.16591,5699999.8093,1000000.0,2018-06-29T12:47:20.149000Z
1.16585,1.16589,2319999.9332,3750000.0,2018-06-29T12:47:20.458000Z
1.16588,1.16589,1500000.0,1000000.0,2018-06-29T12:47:21.009000Z
1.16589,1.16592,4199999.8093,3000000.0,2018-06-29T12:47:21.116000Z
1.16589,1.16592,1870000.0048,1000000.0,2018-06-29T12:47:22.024000Z
1.16588,1.16592,2319999.9332,6449999.8093,2018-06-29T12:47:22.559000Z
1.1658600000000001,1.16591,8510000.2289,1120000.0048,2018-06-29T12:47:23.069000Z
1.1658700000000002,1.1659000000000002,2059999.9428,4500000.0,2018-06-29T12:47:23.666000Z
1.1658700000000002,1.16591,1309999.9428,7690000.0572,2018-06-29T12:47:24.216000Z
1.1658600000000001,1.1659000000000002,4010000.2289,3369999.8856,2018-06-29T12:47:24.760000Z
1.16585,1.16588,1120000.0048,1200000.0477,2018-06-29T12:47:25.076000Z
1.16588,1.16589,1120000.0048,1000000.0,2018-06-29T12:47:25.626000Z
1.16588,1.16591,8619999.8856,1000000.0,2018-06-29T12:47:25.680000Z
1.1658700000000002,1.16589,1570000.0525,1000000.0,2018-06-29T12:47:26.143000Z
1.16584,1.16588,2619999.8856,6599999.9046,2018-06-29T12:47:26.249000Z
1.16583,1.1658600000000001,4500000.0,2849999.9046,2018-06-29T12:47:26.739000Z
1.16584,1.16585,1000000.0,1000000.0,2018-06-29T12:47:27.251000Z
1.16583,1.1658600000000001,4119999.8856,1000000.0,2018-06-29T12:47:27.820000Z
1.16583,1.1658600000000001,9000000.0,1000000.0,2018-06-29T12:47:28.371000Z
1.16583,1.16585,1120000.0048,3940000.0572,2018-06-29T12:47:32.525000Z
1.16585,1.16588,1000000.0,7500000.0,2018-06-29T12:47:35.369000Z
1.16584,1.16588,2250000.0,3750000.0,2018-06-29T12:47:35.904000Z
1.16584,1.1658700000000002,2619999.8856,1000000.0,2018-06-29T12:47:38.242000Z
1.16584,1.16588,1120000.0048,4500000.0,2018-06-29T12:47:38.889000Z
1.16584,1.1658700000000002,2619999.8856,1000000.0,2018-06-29T12:47:39.666000Z
1.16584,1.16588,1870000.0048,4500000.0,2018-06-29T12:47:41.308000Z
1.16585,1.1658600000000001,1000000.0,1870000.0048,2018-06-29T12:47:41.624000Z
1.16582,1.16585,1450000.0477,1870000.0048,2018-06-29T12:47:41.678000Z
1.16583,1.1658700000000002,3819999.9332,1570000.0525,2018-06-29T12:47:42.130000Z
1.16583,1.1658700000000002,4570000.1717,2700000.0477,2018-06-29T12:47:43.311000Z
1.16583,1.1658600000000001,2619999.8856,1000000.0,2018-06-29T12:47:44.629000Z
1.16582,1.1658600000000001,2700000.0477,3450000.0477,2018-06-29T12:47:46.122000Z
1.16581,1.16585,5139999.8665,1690000.0572,2018-06-29T12:47:46.650000Z
1.16583,1.1658600000000001,2250000.0,1870000.0048,2018-06-29T12:47:46.959000Z
1.16584,1.1658600000000001,1120000.0048,1120000.0048,2018-06-29T12:47:47.473000Z
1.16583,1.1658700000000002,9069999.6948,1799999.9523,2018-06-29T12:47:47.980000Z
1.16583,1.16585,3750000.0,1200000.0477,2018-06-29T12:47:48.296000Z
1.16582,1.16585,3369999.8856,1500000.0,2018-06-29T12:47:49.042000Z
1.16583,1.1658600000000001,3000000.0,2099999.9046,2018-06-29T12:47:49.784000Z
1.16584,1.1658700000000002,2250000.0,7349999.9046,2018-06-29T12:47:50.311000Z
1.16583,1.1658600000000001,9000000.0,1000000.0,2018-06-29T12:47:51.031000Z
1.16584,1.1658700000000002,3000000.0,1500000.0,2018-06-29T12:47:51.535000Z
1.16588,1.16591,2250000.0,1120000.0048,2018-06-29T12:47:51.693000Z
1.16593,1.16594,1870000.0048,1000000.0,2018-06-29T12:47:51.802000Z
1.16594,1.16598,2809999.9428,2289999.9619,2018-06-29T12:47:51.995000Z
1.16595,1.16598,1870000.0048,1720000.0286,2018-06-29T12:47:52.518000Z
1.1659700000000002,1.16599,2250000.0,1000000.0,2018-06-29T12:47:53.042000Z
1.1659700000000002,1.16601,2619999.8856,1299999.9523,2018-06-29T12:47:53.136000Z
1.16598,1.16601,1000000.0,1909999.9666,2018-06-29T12:47:56.254000Z
1.1659700000000002,1.16602,1870000.0048,8359999.6567,2018-06-29T12:47:57.764000Z
1.1659700000000002,1.1660000000000001,1250000.0,1250000.0,2018-06-29T12:48:00.661000Z
1.16598,1.16601,9939999.5804,2099999.9046,2018-06-29T12:48:00.861000Z
1.16598,1.1660000000000001,1690000.0572,1500000.0,2018-06-29T12:48:02.618000Z
1.16594,1.1659700000000002,1250000.0,5619999.8856,2018-06-29T12:48:02.880000Z
1.16596,1.1659700000000002,1000000.0,1500000.0,2018-06-29T12:48:03.095000Z
1.16601,1.16604,1500000.0,4119999.8856,2018-06-29T12:48:03.308000Z
1.16603,1.16605,1000000.0,1000000.0,2018-06-29T12:48:03.467000Z
1.16604,1.1660700000000002,1120000.0048,2619999.8856,2018-06-29T12:48:03.958000Z
1.1660700000000002,1.16609,1000000.0,2250000.0,2018-06-29T12:48:04.065000Z
1.1661000000000001,1.16612,1500000.0,2319999.9332,2018-06-29T12:48:04.487000Z
1.16615,1.16616,1000000.0,1000000.0,2018-06-29T12:48:04.539000Z
1.1661700000000002,1.16619,2809999.9428,1500000.0,2018-06-29T12:48:04.591000Z
1.1662000000000001,1.16622,3410000.0858,10119999.8856,2018-06-29T12:48:04.644000Z
1.16622,1.1662299999999999,1000000.0,1000000.0,2018-06-29T12:48:04.696000Z
1.16622,1.16625,1000000.0,1500000.0,2018-06-29T12:48:04.799000Z
1.1662299999999999,1.16625,1000000.0,1950000.0477,2018-06-29T12:48:05.564000Z
1.16622,1.16625,1000000.0,3450000.0477,2018-06-29T12:48:06.170000Z
1.16624,1.1662700000000001,2440000.0572,2700000.0477,2018-06-29T12:48:06.581000Z
1.1662700000000001,1.1663000000000001,1100000.0238,3940000.0572,2018-06-29T12:48:06.841000Z
1.16626,1.1663100000000002,1950000.0477,7010000.2289,2018-06-29T12:48:07.365000Z
1.1663000000000001,1.16632,2250000.0,7119999.8856,2018-06-29T12:48:07.524000Z
1.1663100000000002,1.16635,5440000.0572,3859999.8951,2018-06-29T12:48:07.631000Z
1.16633,1.16636,5699999.8093,2250000.0,2018-06-29T12:48:07.823000Z
1.16632,1.16636,1200000.0477,4119999.8856,2018-06-29T12:48:08.033000Z
1.16634,1.16636,1000000.0,2250000.0,2018-06-29T12:48:08.139000Z
1.16636,1.16639,1500000.0,3000000.0,2018-06-29T12:48:08.331000Z
1.1663700000000001,1.1664,2470000.0286,6300000.1907,2018-06-29T12:48:08.383000Z
1.16639,1.1664100000000002,3819999.9332,1669999.9571,2018-06-29T12:48:08.438000Z
1.1664,1.16644,1000000.0,6190000.0572,2018-06-29T12:48:08.494000Z
1.16638,1.1664,3069999.9332,1500000.0,2018-06-29T12:48:08.601000Z
1.16636,1.1664,3069999.9332,1000000.0,2018-06-29T12:48:08.819000Z
1.16638,1.1664,1000000.0,1870000.0048,2018-06-29T12:48:10.252000Z
1.1663700000000001,1.1664,1950000.0477,1000000.0,2018-06-29T12:48:10.777000Z
1.1663700000000001,1.16639,1120000.0048,1000000.0,2018-06-29T12:48:11.431000Z
1.1663700000000001,1.1664,1000000.0,4500000.0,2018-06-29T12:48:11.947000Z
1.16635,1.1664,10199999.8093,2250000.0,2018-06-29T12:48:12.502000Z
1.16636,1.1664,1120000.0048,3369999.8856,2018-06-29T12:48:15.804000Z
1.16632,1.16636,5989999.7711,6820000.1717,2018-06-29T12:48:16.125000Z
1.1663000000000001,1.16634,1950000.0477,1200000.0477,2018-06-29T12:48:16.323000Z
1.1663000000000001,1.16635,2700000.0477,4690000.0572,2018-06-29T12:48:16.870000Z
1.1663100000000002,1.16635,1000000.0,3000000.0,2018-06-29T12:48:17.419000Z
1.16633,1.16635,2470000.0286,1000000.0,2018-06-29T12:48:17.523000Z
1.16635,1.16639,1000000.0,5250000.0,2018-06-29T12:48:17.680000Z
1.16634,1.16636,1000000.0,1000000.0,2018-06-29T12:48:17.733000Z
1.16632,1.16635,1000000.0,5250000.0,2018-06-29T12:48:17.913000Z
1.1663000000000001,1.16635,5699999.8093,3559999.9428,2018-06-29T12:48:18.953000Z
1.1663000000000001,1.16635,4239999.7711,2250000.0,2018-06-29T12:48:19.478000Z
1.1663100000000002,1.16635,1600000.0238,3819999.9332,2018-06-29T12:48:20.284000Z
1.1663100000000002,1.16635,1600000.0238,4949999.8093,2018-06-29T12:48:20.821000Z
1.1663100000000002,1.16633,1649999.9762,1120000.0048,2018-06-29T12:48:23.063000Z
1.16626,1.16629,1370000.0048,1000000.0,2018-06-29T12:48:23.222000Z
1.16624,1.16629,3299999.9523,2700000.0477,2018-06-29T12:48:23.674000Z
1.16624,1.16628,1720000.0286,1309999.9428,2018-06-29T12:48:24.203000Z
1.16629,1.1663000000000001,1000000.0,1570000.0525,2018-06-29T12:48:24.649000Z
1.1663000000000001,1.16633,1570000.0525,1690000.0572,2018-06-29T12:48:24.755000Z
1.16633,1.16635,2250000.0,1200000.0477,2018-06-29T12:48:24.860000Z
1.16632,1.16633,1000000.0,1000000.0,2018-06-29T12:48:24.996000Z
1.16633,1.16635,2250000.0,1120000.0048,2018-06-29T12:48:25.049000Z
1.1663000000000001,1.16633,3069999.9332,1000000.0,2018-06-29T12:48:25.154000Z
1.16632,1.16634,3750000.0,1100000.0238,2018-06-29T12:48:25.677000Z
1.16634,1.16638,5170000.0763,1570000.0525,2018-06-29T12:48:25.733000Z
1.16635,1.16639,1120000.0048,4010000.2289,2018-06-29T12:48:26.237000Z
1.16634,1.16636,1250000.0,1250000.0,2018-06-29T12:48:26.498000Z
1.16632,1.16635,1570000.0525,2619999.8856,2018-06-29T12:48:26.551000Z
1.1663000000000001,1.16634,2920000.0763,1000000.0,2018-06-29T12:48:26.604000Z
1.16629,1.16634,8890000.3433,3259999.9905,2018-06-29T12:48:27.151000Z
1.1663000000000001,1.16634,1000000.0,3750000.0,2018-06-29T12:48:27.913000Z
1.1663000000000001,1.16634,4500000.0,3369999.8856,2018-06-29T12:48:28.687000Z
1.1663100000000002,1.16634,1200000.0477,2619999.8856,2018-06-29T12:48:29.288000Z
1.16633,1.16636,2250000.0,6369999.8856,2018-06-29T12:48:29.550000Z
1.16635,1.16638,1200000.0477,1120000.0048,2018-06-29T12:48:29.655000Z
1.16635,1.16639,1950000.0477,5059999.9428,2018-06-29T12:48:30.180000Z
1.16636,1.16639,1000000.0,2059999.9428,2018-06-29T12:48:31.018000Z
1.16635,1.16639,2319999.9332,2059999.9428,2018-06-29T12:48:31.562000Z
1.16636,1.16639,1000000.0,2619999.8856,2018-06-29T12:48:32.103000Z
1.16634,1.16638,9449999.8093,1500000.0,2018-06-29T12:48:32.521000Z
1.16634,1.16639,7199999.8093,5250000.0,2018-06-29T12:48:33.164000Z
1.16635,1.16639,1100000.0238,2849999.9046,2018-06-29T12:48:33.576000Z
1.16635,1.16638,5250000.0,1000000.0,2018-06-29T12:48:34.122000Z
1.16633,1.16634,1200000.0477,1299999.9523,2018-06-29T12:48:37.063000Z
1.16632,1.16634,1120000.0048,4719999.7902,2018-06-29T12:48:37.216000Z
1.16628,1.1663000000000001,2250000.0,2250000.0,2018-06-29T12:48:37.270000Z
1.16626,1.16629,3069999.9332,1500000.0,2018-06-29T12:48:37.430000Z
1.16625,1.1662700000000001,3450000.0477,1870000.0048,2018-06-29T12:48:37.743000Z
1.1662299999999999,1.16624,1000000.0,1000000.0,2018-06-29T12:48:38.292000Z
1.1662100000000002,1.16625,1870000.0048,3970000.0286,2018-06-29T12:48:38.398000Z
1.1662100000000002,1.16624,1309999.9428,1250000.0,2018-06-29T12:48:39.074000Z
1.1662299999999999,1.16625,1000000.0,1500000.0,2018-06-29T12:48:39.564000Z
1.16625,1.1662700000000001,2319999.9332,1000000.0,2018-06-29T12:48:39.886000Z
1.1662100000000002,1.16625,9069999.6948,3369999.8856,2018-06-29T12:48:39.994000Z
1.1662299999999999,1.16626,2619999.8856,6599999.9046,2018-06-29T12:48:40.276000Z
1.16622,1.16624,1500000.0,1000000.0,2018-06-29T12:48:40.747000Z
1.16622,1.16625,1000000.0,4119999.8856,2018-06-29T12:48:41.590000Z
1.16622,1.16624,1000000.0,3750000.0,2018-06-29T12:48:42.247000Z
1.16619,1.16622,4199999.8093,2619999.8856,2018-06-29T12:48:42.573000Z
1.16618,1.1662000000000001,1500000.0,1500000.0,2018-06-29T12:48:43.856000Z
1.1661700000000002,1.1662000000000001,1500000.0,5099999.9046,2018-06-29T12:48:44.394000Z
1.16616,1.1662000000000001,5699999.8093,1720000.0286,2018-06-29T12:48:44.984000Z
1.1661700000000002,1.16618,3000000.0,1000000.0,2018-06-29T12:48:45.341000Z
1.16614,1.1661700000000002,1950000.0477,3750000.0,2018-06-29T12:48:45.547000Z
1.16614,1.16616,1200000.0477,1500000.0,2018-06-29T12:48:46.064000Z
1.16615,1.16618,2250000.0,2619999.8856,2018-06-29T12:48:46.323000Z
1.16616,1.16618,1950000.0477,1000000.0,2018-06-29T12:48:46.830000Z
1.1661700000000002,1.1662000000000001,3450000.0477,2250000.0,2018-06-29T12:48:47.345000Z
1.1661700000000002,1.1662000000000001,4949999.8093,1500000.0,2018-06-29T12:48:48.413000Z
1.1661700000000002,1.16619,1200000.0477,3000000.0,2018-06-29T12:48:49.407000Z
1.16615,1.16619,7199999.8093,2849999.9046,2018-06-29T12:48:49.459000Z
1.16616,1.16619,1000000.0,3220000.0286,2018-06-29T12:48:50.184000Z
1.16618,1.1662000000000001,2690000.0572,4500000.0,2018-06-29T12:48:50.522000Z
1.1662000000000001,1.1662100000000002,1500000.0,1200000.0477,2018-06-29T12:48:50.575000Z
1.1662000000000001,1.1662299999999999,2809999.9428,1500000.0,2018-06-29T12:48:50.681000Z
1.16618,1.1662100000000002,1950000.0477,1500000.0,2018-06-29T12:48:50.892000Z
1.1661700000000002,1.16619,1450000.0477,1720000.0286,2018-06-29T12:48:51.020000Z
1.16615,1.16618,1500000.0,2250000.0,2018-06-29T12:48:51.073000Z
1.16614,1.16618,10199999.8093,2099999.9046,2018-06-29T12:48:51.606000Z
1.16614,1.16619,14699999.8093,2619999.8856,2018-06-29T12:48:51.934000Z
1.16614,1.16616,1950000.0477,1500000.0,2018-06-29T12:48:52.307000Z
1.1661299999999999,1.16616,2890000.1049,2440000.0572,2018-06-29T12:48:52.412000Z
1.16615,1.1661700000000002,1500000.0,1570000.0525,2018-06-29T12:48:52.510000Z
1.16616,1.1662000000000001,4389999.8665,1000000.0,2018-06-29T12:48:52.564000Z
1.16619,1.1662100000000002,5250000.0,1500000.0,2018-06-29T12:48:52.618000Z
1.16624,1.1662700000000001,4199999.8093,1500000.0,2018-06-29T12:48:52.882000Z
1.16624,1.1662700000000001,3450000.0477,2250000.0,2018-06-29T12:48:53.059000Z
1.1662100000000002,1.16624,1200000.0477,1120000.0048,2018-06-29T12:48:53.116000Z
1.1662000000000001,1.1662100000000002,1200000.0477,4869999.8856,2018-06-29T12:48:53.171000Z
1.16618,1.16619,3000000.0,1500000.0,2018-06-29T12:48:53.232000Z
1.1661700000000002,1.1662100000000002,1120000.0048,10500000.0,2018-06-29T12:48:53.336000Z
1.16618,1.1662100000000002,2809999.9428,1500000.0,2018-06-29T12:48:53.439000Z
1.16618,1.16619,1200000.0477,1000000.0,2018-06-29T12:48:53.769000Z
1.1661299999999999,1.1661700000000002,4949999.8093,3970000.0286,2018-06-29T12:48:53.874000Z
1.1661299999999999,1.16616,1100000.0238,1500000.0,2018-06-29T12:48:54.378000Z
1.1661299999999999,1.16616,2319999.9332,2250000.0,2018-06-29T12:48:55.529000Z
1.16614,1.16616,1500000.0,2250000.0,2018-06-29T12:48:56.056000Z
1.16614,1.1661700000000002,1000000.0,2619999.8856,2018-06-29T12:48:56.744000Z
1.1661299999999999,1.1661700000000002,3640000.1049,2619999.8856,2018-06-29T12:48:57.248000Z
1.16614,1.1661700000000002,1500000.0,14250000.0,2018-06-29T12:48:57.838000Z
1.1661299999999999,1.16616,1950000.0477,3369999.8856,2018-06-29T12:48:58.986000Z
1.16609,1.16612,3369999.8856,4119999.8856,2018-06-29T12:48:59.093000Z
1.16608,1.1661100000000002,2250000.0,5099999.9046,2018-06-29T12:48:59.254000Z
1.16609,1.1661299999999999,3259999.9905,1000000.0,2018-06-29T12:48:59.602000Z
1.16608,1.16609,1570000.0525,1000000.0,2018-06-29T12:48:59.866000Z
1.16606,1.16608,1450000.0477,1500000.0,2018-06-29T12:48:59.919000Z
1.16604,1.16609,3450000.0477,8289999.9619,2018-06-29T12:48:59.972000Z
1.16604,1.1660700000000002,1759999.9905,1250000.0,2018-06-29T12:49:01.708000Z
1.16605,1.16608,1000000.0,3789999.9619,2018-06-29T12:49:02.385000Z
1.16605,1.1660700000000002,1250000.0,1250000.0,2018-06-29T12:49:03.185000Z
1.16605,1.16608,1000000.0,3039999.9619,2018-06-29T12:49:03.705000Z
1.16604,1.16608,4010000.2289,2289999.9619,2018-06-29T12:49:04.244000Z
1.16604,1.1660700000000002,1759999.9905,1250000.0,2018-06-29T12:49:04.829000Z
1.16604,1.16608,1759999.9905,1539999.9619,2018-06-29T12:49:05.790000Z
1.16603,1.16604,1200000.0477,1250000.0,2018-06-29T12:49:06.147000Z
1.16601,1.16605,3450000.0477,1500000.0,2018-06-29T12:49:06.254000Z
1.16603,1.16606,1120000.0048,1720000.0286,2018-06-29T12:49:06.308000Z
1.16602,1.16606,5510000.2289,1120000.0048,2018-06-29T12:49:06.835000Z
1.16603,1.16606,1570000.0525,1000000.0,2018-06-29T12:49:07.337000Z
1.16603,1.1660700000000002,2700000.0477,3299999.9523,2018-06-29T12:49:07.907000Z
1.16603,1.16606,2319999.9332,9819999.6948,2018-06-29T12:49:08.436000Z
1.16605,1.16606,2440000.0572,1000000.0,2018-06-29T12:49:09.411000Z
1.16609,1.1661000000000001,1870000.0048,1000000.0,2018-06-29T12:49:09.729000Z
1.16608,1.1661100000000002,4949999.8093,1000000.0,2018-06-29T12:49:10.315000Z
1.16609,1.1661000000000001,1500000.0,1000000.0,2018-06-29T12:49:10.841000Z
1.1660700000000002,1.1661000000000001,2319999.9332,1000000.0,2018-06-29T12:49:10.895000Z
1.16606,1.1661000000000001,5320000.1717,6070000.1717,2018-06-29T12:49:11.436000Z
1.16606,1.1661000000000001,3259999.9905,4389999.8665,2018-06-29T12:49:12.018000Z
1.16606,1.1661000000000001,2890000.1049,7610000.1335,2018-06-29T12:49:13.472000Z
1.16605,1.16608,1950000.0477,2809999.9428,2018-06-29T12:49:13.578000Z
1.16604,1.1660700000000002,3450000.0477,3000000.0,2018-06-29T12:49:13.631000Z
1.16602,1.16604,2700000.0477,1500000.0,2018-06-29T12:49:14.066000Z
1.1660000000000001,1.16604,4199999.8093,3369999.8856,2018-06-29T12:49:14.330000Z
1.16598,1.16601,6070000.1717,1500000.0,2018-06-29T12:49:14.599000Z
1.16598,1.16601,1570000.0525,4119999.8856,2018-06-29T12:49:15.125000Z
1.16598,1.1660000000000001,3000000.0,1000000.0,2018-06-29T12:49:15.636000Z
1.16596,1.16598,1500000.0,1120000.0048,2018-06-29T12:49:15.953000Z
1.16594,1.16598,1759999.9905,3940000.0572,2018-06-29T12:49:16.886000Z
1.16594,1.16598,1200000.0477,2250000.0,2018-06-29T12:49:17.442000Z
1.1659700000000002,1.16598,1500000.0,1000000.0,2018-06-29T12:49:17.887000Z
1.16599,1.16603,2700000.0477,5250000.0,2018-06-29T12:49:18.143000Z
1.1660000000000001,1.16603,2319999.9332,3750000.0,2018-06-29T12:49:18.676000Z
1.16599,1.16601,1100000.0238,1500000.0,2018-06-29T12:49:18.729000Z
1.1659700000000002,1.16601,2250000.0,9750000.0,2018-06-29T12:49:18.833000Z
1.16596,1.16599,2619999.8856,2250000.0,2018-06-29T12:49:19.350000Z
1.16598,1.1660000000000001,1000000.0,6000000.0,2018-06-29T12:49:19.483000Z
1.16599,1.16601,3069999.9332,1000000.0,2018-06-29T12:49:20.073000Z
1.16596,1.16599,3819999.9332,2250000.0,2018-06-29T12:49:20.278000Z
1.16598,1.16601,1250000.0,2619999.8856,2018-06-29T12:49:20.485000Z
1.1659700000000002,1.16601,1200000.0477,4719999.7902,2018-06-29T12:49:22.223000Z
1.16595,1.16599,1009999.9905,3369999.8856,2018-06-29T12:49:22.328000Z
1.16594,1.16596,1570000.0525,1120000.0048,2018-06-29T12:49:22.820000Z
1.16592,1.16594,1000000.0,1000000.0,2018-06-29T12:49:22.872000Z
1.16589,1.16593,4570000.1717,3220000.0286,2018-06-29T12:49:22.978000Z
1.1658600000000001,1.1659000000000002,2319999.9332,1000000.0,2018-06-29T12:49:23.082000Z
1.1658700000000002,1.16591,1200000.0477,5469999.7902,2018-06-29T12:49:23.626000Z
1.16584,1.16588,1759999.9905,2099999.9046,2018-06-29T12:49:23.946000Z
1.1658600000000001,1.16589,4690000.0572,1570000.0525,2018-06-29T12:49:24.362000Z
1.16588,1.16592,1500000.0,4199999.8093,2018-06-29T12:49:24.466000Z
1.16589,1.16594,1950000.0477,8439999.5804,2018-06-29T12:49:24.646000Z
1.16585,1.16589,1389999.9857,2809999.9428,2018-06-29T12:49:24.906000Z
1.16585,1.16589,1700000.0477,10909999.8474,2018-06-29T12:49:25.449000Z
1.1658700000000002,1.16589,1950000.0477,1000000.0,2018-06-29T12:49:25.721000Z
1.16585,1.16589,1500000.0,3190000.0572,2018-06-29T12:49:25.825000Z
1.1658700000000002,1.1659000000000002,3750000.0,1570000.0525,2018-06-29T12:49:26.355000Z
1.1658700000000002,1.16591,1120000.0048,1500000.0,2018-06-29T12:49:26.890000Z
1.16585,1.1659000000000002,2140000.1049,6639999.8665,2018-06-29T12:49:27.203000Z
1.16585,1.1659000000000002,2140000.1049,8510000.2289,2018-06-29T12:49:27.408000Z
1.1658700000000002,1.1659000000000002,1309999.9428,11810000.4196,2018-06-29T12:49:27.960000Z
1.16588,1.16591,1000000.0,6750000.0,2018-06-29T12:49:28.464000Z
1.1658700000000002,1.16591,1000000.0,7869999.8856,2018-06-29T12:49:29.014000Z
1.16591,1.16592,1500000.0,1200000.0477,2018-06-29T12:49:29.906000Z
1.16594,1.1659700000000002,1120000.0048,2700000.0477,2018-06-29T12:49:30.010000Z
1.16594,1.16598,2809999.9428,1500000.0,2018-06-29T12:49:30.062000Z
1.1659700000000002,1.16599,3259999.9905,1870000.0048,2018-06-29T12:49:30.115000Z
1.16599,1.16603,4949999.8093,1500000.0,2018-06-29T12:49:30.245000Z
1.1660000000000001,1.16604,1470000.0286,3450000.0477,2018-06-29T12:49:30.297000Z
1.1660000000000001,1.16605,1500000.0,6070000.1717,2018-06-29T12:49:30.965000Z
1.16601,1.16602,1000000.0,1500000.0,2018-06-29T12:49:31.275000Z
1.16598,1.1660000000000001,1000000.0,1500000.0,2018-06-29T12:49:31.530000Z
1.16596,1.16599,1000000.0,2250000.0,2018-06-29T12:49:31.583000Z
1.16596,1.16598,2890000.1049,3750000.0,2018-06-29T12:49:32.117000Z
1.16595,1.1659700000000002,1200000.0477,2440000.0572,2018-06-29T12:49:32.571000Z
1.16593,1.16595,2890000.1049,3750000.0,2018-06-29T12:49:32.624000Z
1.16591,1.16593,1870000.0048,3750000.0,2018-06-29T12:49:32.730000Z
1.16588,1.16592,6070000.1717,2619999.8856,2018-06-29T12:49:32.880000Z
1.16589,1.16592,1250000.0,6190000.0572,2018-06-29T12:49:33.422000Z
1.16589,1.16593,4010000.2289,5510000.2289,2018-06-29T12:49:33.690000Z
1.16589,1.16591,1000000.0,5440000.0572,2018-06-29T12:49:34.154000Z
1.1658600000000001,1.16591,1950000.0477,7500000.0,2018-06-29T12:49:34.275000Z
1.1658600000000001,1.16591,2890000.1049,6190000.0572,2018-06-29T12:49:34.805000Z
1.1658700000000002,1.1659000000000002,1250000.0,4500000.0,2018-06-29T12:49:35.346000Z
1.1658600000000001,1.1659000000000002,3069999.9332,3750000.0,2018-06-29T12:49:36.126000Z
1.16585,1.16588,2700000.0477,3750000.0,2018-06-29T12:49:36.384000Z
1.16584,1.1658700000000002,1200000.0477,1870000.0048,2018-06-29T12:49:36.544000Z
1.16583,1.1658600000000001,4389999.8665,3750000.0,2018-06-29T12:49:37.080000Z
1.16582,1.16585,1500000.0,7570000.1717,2018-06-29T12:49:37.285000Z
1.16583,1.16585,1559999.9428,3750000.0,2018-06-29T12:49:37.879000Z
1.16583,1.1658700000000002,3369999.8856,4690000.0572,2018-06-29T12:49:38.124000Z
1.16583,1.1658700000000002,2250000.0,4690000.0572,2018-06-29T12:49:38.655000Z
1.16584,1.16588,2890000.1049,3069999.9332,2018-06-29T12:49:39.170000Z
1.16588,1.16589,4119999.8856,2250000.0,2018-06-29T12:49:39.222000Z
1.1659000000000002,1.16593,1250000.0,3190000.0572,2018-06-29T12:49:39.325000Z
1.1659000000000002,1.16592,1009999.9905,1500000.0,2018-06-29T12:49:40.072000Z
1.16589,1.16593,1500000.0,5619999.8856,2018-06-29T12:49:40.613000Z
1.16588,1.16591,4199999.8093,1000000.0,2018-06-29T12:49:40.963000Z
1.1658600000000001,1.1659000000000002,5699999.8093,1299999.9523,2018-06-29T12:49:41.066000Z
1.16588,1.1659000000000002,1000000.0,7349999.9046,2018-06-29T12:49:41.204000Z
1.1659000000000002,1.16592,1000000.0,3750000.0,2018-06-29T12:49:41.256000Z
1.16591,1.16593,1250000.0,2440000.0572,2018-06-29T12:49:41.360000Z
1.1659000000000002,1.16594,2059999.9428,4309999.9428,2018-06-29T12:49:41.908000Z
1.1659000000000002,1.16594,2319999.9332,2319999.9332,2018-06-29T12:49:42.459000Z
1.1659000000000002,1.16594,3000000.0,2250000.0,2018-06-29T12:49:42.995000Z
1.16595,1.1659700000000002,1000000.0,1950000.0477,2018-06-29T12:49:43.769000Z
1.1659700000000002,1.16598,1000000.0,1500000.0,2018-06-29T12:49:43.822000Z
1.1659700000000002,1.16601,3190000.0572,4119999.8856,2018-06-29T12:49:43.874000Z
1.16598,1.1660000000000001,3369999.8856,2250000.0,2018-06-29T12:49:44.494000Z
1.1659700000000002,1.16599,1000000.0,3940000.0572,2018-06-29T12:49:47.309000Z
1.16595,1.1659700000000002,1950000.0477,3039999.9619,2018-06-29T12:49:47.361000Z
1.16594,1.16596,1000000.0,1799999.9523,2018-06-29T12:49:47.517000Z
1.16592,1.16596,2440000.0572,4989999.7711,2018-06-29T12:49:47.570000Z
1.16593,1.16596,1250000.0,5139999.8665,2018-06-29T12:49:48.114000Z
1.16592,1.16596,1309999.9428,4199999.8093,2018-06-29T12:49:49.129000Z
1.16592,1.16596,2059999.9428,5139999.8665,2018-06-29T12:49:49.688000Z
1.16592,1.16596,2809999.9428,2319999.9332,2018-06-29T12:49:50.236000Z
1.16592,1.16596,1309999.9428,2700000.0477,2018-06-29T12:49:50.882000Z
1.16592,1.16596,1690000.0572,1200000.0477,2018-06-29T12:49:51.423000Z
1.16592,1.16596,2059999.9428,2700000.0477,2018-06-29T12:49:52.303000Z
1.16592,1.16595,5059999.9428,1000000.0,2018-06-29T12:49:52.816000Z
1.16592,1.16596,1690000.0572,3069999.9332,2018-06-29T12:49:53.326000Z
1.16596,1.16598,2440000.0572,1200000.0477,2018-06-29T12:49:53.732000Z
1.16598,1.16599,3940000.0572,1000000.0,2018-06-29T12:49:53.785000Z
1.16599,1.16601,1690000.0572,2319999.9332,2018-06-29T12:49:54.240000Z
1.16599,1.16602,1690000.0572,3819999.9332,2018-06-29T12:49:54.852000Z
1.16599,1.1660000000000001,1000000.0,1000000.0,2018-06-29T12:49:54.909000Z
1.1660000000000001,1.16602,1000000.0,1950000.0477,2018-06-29T12:49:55.475000Z
1.16598,1.16601,1000000.0,2250000.0,2018-06-29T12:49:55.943000Z
1.16598,1.1660000000000001,3000000.0,1500000.0,2018-06-29T12:49:56.562000Z
1.16598,1.16601,1500000.0,4199999.8093,2018-06-29T12:49:57.160000Z
1.16598,1.16601,1000000.0,4949999.8093,2018-06-29T12:49:57.670000Z
1.16598,1.16601,1000000.0,4570000.1717,2018-06-29T12:49:58.181000Z
1.16596,1.1659700000000002,1500000.0,1500000.0,2018-06-29T12:49:58.233000Z
1.1659000000000002,1.16594,2890000.1049,1000000.0,2018-06-29T12:49:58.474000Z
1.16593,1.16594,1690000.0572,2319999.9332,2018-06-29T12:49:58.738000Z
1.16594,1.1659700000000002,1250000.0,1870000.0048,2018-06-29T12:49:58.791000Z
1.16595,1.1659700000000002,1000000.0,1370000.0048,2018-06-29T12:49:59.308000Z
1.16593,1.16596,5250000.0,1100000.0238,2018-06-29T12:49:59.414000Z
1.16596,1.16598,1120000.0048,1000000.0,2018-06-29T12:49:59.676000Z
1.1659700000000002,1.16599,1000000.0,1100000.0238,2018-06-29T12:50:00.222000Z
1.16594,1.1659700000000002,1500000.0,1950000.0477,2018-06-29T12:50:00.542000Z
1.16595,1.16598,1000000.0,2319999.9332,2018-06-29T12:50:01.017000Z
1.16594,1.16598,1950000.0477,1100000.0238,2018-06-29T12:50:01.975000Z
1.16594,1.1659700000000002,2319999.9332,1570000.0525,2018-06-29T12:50:02.078000Z
1.16594,1.1659700000000002,5510000.2289,1500000.0,2018-06-29T12:50:02.612000Z
1.16591,1.16595,3369999.8856,4949999.8093,2018-06-29T12:50:02.924000Z
1.16592,1.16594,1120000.0048,1000000.0,2018-06-29T12:50:03.461000Z
1.16592,1.16595,1690000.0572,1950000.0477,2018-06-29T12:50:04Z
1.16592,1.16595,1190000.0572,2890000.1049,2018-06-29T12:50:08.107000Z
1.16592,1.16595,1250000.0,1200000.0477,2018-06-29T12:50:08.646000Z
1.16596,1.1659700000000002,1000000.0,1200000.0477,2018-06-29T12:50:10.537000Z
1.1659700000000002,1.16598,1000000.0,1500000.0,2018-06-29T12:50:10.589000Z
1.1659700000000002,1.1660000000000001,2250000.0,1000000.0,2018-06-29T12:50:10.642000Z
1.16595,1.16599,3369999.8856,1120000.0048,2018-06-29T12:50:10.853000Z
1.16595,1.1659700000000002,1000000.0,1120000.0048,2018-06-29T12:50:11.334000Z
1.16593,1.16596,1000000.0,1200000.0477,2018-06-29T12:50:11.541000Z
1.16593,1.16596,1000000.0,10390000.3433,2018-06-29T12:50:12.173000Z
1.16592,1.16594,1000000.0,1470000.0286,2018-06-29T12:50:12.277000Z
1.16591,1.16593,1000000.0,1200000.0477,2018-06-29T12:50:12.909000Z
1.16591,1.16594,1690000.0572,3069999.9332,2018-06-29T12:50:14.376000Z
1.16594,1.16596,1000000.0,1000000.0,2018-06-29T12:50:14.706000Z
1.16594,1.1659700000000002,1000000.0,1100000.0238,2018-06-29T12:50:15.252000Z
1.16593,1.16595,1000000.0,5250000.0,2018-06-29T12:50:15.711000Z
1.16592,1.16596,4869999.8856,2250000.0,2018-06-29T12:50:15.764000Z
1.16595,1.1659700000000002,1120000.0048,2700000.0477,2018-06-29T12:50:16.195000Z
1.16599,1.16603,3369999.8856,1870000.0048,2018-06-29T12:50:16.379000Z
1.16599,1.16603,5619999.8856,2319999.9332,2018-06-29T12:50:16.897000Z
1.1660000000000001,1.16603,1000000.0,3819999.9332,2018-06-29T12:50:17.525000Z
1.1659700000000002,1.16599,2319999.9332,1500000.0,2018-06-29T12:50:17.939000Z
1.16595,1.16598,1500000.0,1500000.0,2018-06-29T12:50:18.059000Z
1.16594,1.16598,3000000.0,2319999.9332,2018-06-29T12:50:18.563000Z
1.16594,1.1659700000000002,1120000.0048,1500000.0,2018-06-29T12:50:19.079000Z
1.16595,1.16598,1000000.0,4199999.8093,2018-06-29T12:50:19.584000Z
1.16595,1.1659700000000002,1500000.0,1100000.0238,2018-06-29T12:50:20.086000Z
1.16596,1.16598,1000000.0,1200000.0477,2018-06-29T12:50:20.907000Z
1.16596,1.16598,1000000.0,5139999.8665,2018-06-29T12:50:21.417000Z
1.16595,1.1659700000000002,1000000.0,3369999.8856,2018-06-29T12:50:21.960000Z
1.16595,1.1659700000000002,1000000.0,5250000.0,2018-06-29T12:50:22.484000Z
1.16594,1.16595,1500000.0,1000000.0,2018-06-29T12:50:22.985000Z
1.16595,1.1659700000000002,1000000.0,4199999.8093,2018-06-29T12:50:23.141000Z
1.16595,1.1659700000000002,1000000.0,3819999.9332,2018-06-29T12:50:23.889000Z
1.16595,1.1659700000000002,1000000.0,2849999.9046,2018-06-29T12:50:24.459000Z
1.16595,1.1659700000000002,1000000.0,5099999.9046,2018-06-29T12:50:25.035000Z
1.16595,1.1659700000000002,1000000.0,1350000.0238,2018-06-29T12:50:25.565000Z
1.16595,1.1659700000000002,1000000.0,2849999.9046,2018-06-29T12:50:26.094000Z
1.16595,1.1659700000000002,1000000.0,1299999.9523,2018-06-29T12:50:26.639000Z
1.16596,1.1659700000000002,1000000.0,1000000.0,2018-06-29T12:50:27.204000Z
1.16592,1.16594,2250000.0,1500000.0,2018-06-29T12:50:27.756000Z
1.16591,1.16593,1200000.0477,1500000.0,2018-06-29T12:50:27.808000Z
1.1659000000000002,1.16592,2250000.0,1120000.0048,2018-06-29T12:50:27.860000Z
1.16591,1.16593,1000000.0,7989999.7711,2018-06-29T12:50:28.263000Z
1.16585,1.1658700000000002,1870000.0048,1049999.9523,2018-06-29T12:50:28.370000Z
1.16582,1.16584,1200000.0477,3000000.0,2018-06-29T12:50:28.424000Z
1.16578,1.16583,5019999.9809,5360000.1335,2018-06-29T12:50:28.531000Z
1.16579,1.16582,1190000.0572,1799999.9523,2018-06-29T12:50:28.584000Z
1.16581,1.16583,1000000.0,7579999.9237,2018-06-29T12:50:29.765000Z
1.1658,1.16583,1000000.0,6260000.2289,2018-06-29T12:50:30.317000Z
1.1658,1.16582,1000000.0,2700000.0477,2018-06-29T12:50:30.850000Z
1.1658,1.16582,1000000.0,3640000.1049,2018-06-29T12:50:31.474000Z
1.1658,1.16582,1000000.0,2700000.0477,2018-06-29T12:50:31.993000Z
1.1658,1.16582,1000000.0,3640000.1049,2018-06-29T12:50:32.570000Z
1.16579,1.16582,1759999.9905,2700000.0477,2018-06-29T12:50:32.623000Z
1.1658,1.16582,1000000.0,3450000.0477,2018-06-29T12:50:33.114000Z
1.1658,1.16581,1250000.0,1000000.0,2018-06-29T12:50:33.627000Z
1.16579,1.16582,1009999.9905,1100000.0238,2018-06-29T12:50:34.156000Z
1.16579,1.16582,1289999.9619,1759999.9905,2018-06-29T12:50:34.794000Z
1.16578,1.1658,1000000.0,2250000.0,2018-06-29T12:50:35.280000Z
1.16575,1.1657600000000001,1500000.0,1000000.0,2018-06-29T12:50:35.593000Z
1.16574,1.1657600000000001,1250000.0,1009999.9905,2018-06-29T12:50:36.149000Z
1.16575,1.1657600000000001,1000000.0,1389999.9857,2018-06-29T12:50:36.951000Z
1.16573,1.1657700000000002,2440000.0572,6860000.1335,2018-06-29T12:50:37.481000Z
1.16574,1.1657600000000001,1000000.0,4949999.8093,2018-06-29T12:50:38.001000Z
1.16574,1.1657600000000001,1070000.0525,4949999.8093,2018-06-29T12:50:38.679000Z
1.16573,1.16575,2140000.1049,3940000.0572,2018-06-29T12:50:39.212000Z
1.16573,1.16575,2140000.1049,3750000.0,2018-06-29T12:50:39.999000Z
1.16575,1.1657600000000001,1000000.0,6000000.0,2018-06-29T12:50:41.286000Z
1.16572,1.16575,1000000.0,12449999.8093,2018-06-29T12:50:41.483000Z
1.16571,1.16573,1000000.0,1000000.0,2018-06-29T12:50:41.536000Z
1.1656900000000001,1.16573,2250000.0,6639999.8665,2018-06-29T12:50:41.867000Z
1.1656700000000002,1.1657,4119999.8856,1870000.0048,2018-06-29T12:50:42.062000Z
1.1656600000000001,1.16568,1000000.0,2619999.8856,2018-06-29T12:50:42.219000Z
1.16565,1.1656700000000002,1309999.9428,4389999.8665,2018-06-29T12:50:42.744000Z
1.16565,1.1656700000000002,1500000.0,1200000.0477,2018-06-29T12:50:43.355000Z
1.16573,1.16575,1690000.0572,5250000.0,2018-06-29T12:50:43.409000Z
1.16574,1.1657600000000001,1000000.0,2319999.9332,2018-06-29T12:50:43.514000Z
1.16575,1.1657600000000001,1500000.0,6369999.8856,2018-06-29T12:50:44.023000Z
1.1657700000000002,1.16579,3559999.9428,3369999.8856,2018-06-29T12:50:44.519000Z
1.16578,1.16581,2440000.0572,3069999.9332,2018-06-29T12:50:44.658000Z
1.1658,1.16582,1000000.0,4949999.8093,2018-06-29T12:50:45.937000Z
1.1658,1.16582,1000000.0,2319999.9332,2018-06-29T12:50:46.508000Z
1.16579,1.16582,1000000.0,3069999.9332,2018-06-29T12:50:47.015000Z
1.1658,1.16582,1250000.0,3940000.0572,2018-06-29T12:50:47.544000Z
1.16579,1.16582,1250000.0,2250000.0,2018-06-29T12:50:48.129000Z
1.1658,1.16581,1250000.0,1100000.0238,2018-06-29T12:50:48.656000Z
1.16581,1.16583,2500000.0,1950000.0477,2018-06-29T12:50:49.025000Z
1.16584,1.1658600000000001,4500000.0,1000000.0,2018-06-29T12:50:49.168000Z
1.16585,1.1658700000000002,1190000.0572,1570000.0525,2018-06-29T12:50:49.224000Z
1.16584,1.1658700000000002,10310000.4196,1100000.0238,2018-06-29T12:50:49.800000Z
1.16585,1.16589,2440000.0572,6449999.8093,2018-06-29T12:50:50.220000Z
1.16588,1.16589,2250000.0,1200000.0477,2018-06-29T12:50:50.273000Z
1.1658600000000001,1.16589,3000000.0,1870000.0048,2018-06-29T12:50:50.486000Z
1.1658700000000002,1.16589,3940000.0572,1450000.0477,2018-06-29T12:50:50.685000Z
1.16588,1.1659000000000002,1250000.0,1950000.0477,2018-06-29T12:50:50.737000Z
1.1659000000000002,1.16591,3750000.0,4199999.8093,2018-06-29T12:50:50.791000Z
1.1659000000000002,1.16592,3750000.0,2319999.9332,2018-06-29T12:50:50.845000Z
1.16589,1.16592,8250000.0,1500000.0,2018-06-29T12:50:51.460000Z
1.1659000000000002,1.16592,1000000.0,1570000.0525,2018-06-29T12:50:51.982000Z
1.16589,1.16592,1000000.0,7349999.9046,2018-06-29T12:50:52.576000Z
1.1659000000000002,1.16592,5619999.8856,1000000.0,2018-06-29T12:50:53.124000Z
1.1659000000000002,1.16593,5250000.0,3369999.8856,2018-06-29T12:50:53.735000Z
1.1659000000000002,1.16592,1000000.0,1309999.9428,2018-06-29T12:50:54.503000Z
1.1659000000000002,1.16593,1500000.0,3069999.9332,2018-06-29T12:50:55.031000Z
1.16592,1.16594,2440000.0572,3819999.9332,2018-06-29T12:50:55.121000Z
1.16594,1.16598,8619999.8856,2319999.9332,2018-06-29T12:50:55.175000Z
1.16596,1.16598,1000000.0,1120000.0048,2018-06-29T12:50:55.330000Z
1.1659700000000002,1.1660000000000001,8250000.0,2319999.9332,2018-06-29T12:50:55.925000Z
1.16596,1.16599,5250000.0,1570000.0525,2018-06-29T12:50:56.130000Z
1.16599,1.16601,1500000.0,4570000.1717,2018-06-29T12:50:56.440000Z
1.16599,1.16601,1500000.0,3000000.0,2018-06-29T12:50:57.287000Z
1.16598,1.1660000000000001,3750000.0,1000000.0,2018-06-29T12:50:57.963000Z
1.16598,1.16601,4500000.0,2700000.0477,2018-06-29T12:50:58.489000Z
1.1659700000000002,1.16601,6070000.1717,3450000.0477,2018-06-29T12:50:58.832000Z
1.1659700000000002,1.16601,3750000.0,9859999.6567,2018-06-29T12:50:59.370000Z
1.16596,1.1660000000000001,8699999.8093,1200000.0477,2018-06-29T12:51:00.948000Z
1.16596,1.16598,1870000.0048,2059999.9428,2018-06-29T12:51:02.656000Z
1.16598,1.16601,4119999.8856,1000000.0,2018-06-29T12:51:02.914000Z
1.1659700000000002,1.1660000000000001,1870000.0048,1000000.0,2018-06-29T12:51:03.418000Z
1.1659700000000002,1.1660000000000001,1120000.0048,1100000.0238,2018-06-29T12:51:03.925000Z
1.16596,1.1660000000000001,8619999.8856,1000000.0,2018-06-29T12:51:06.222000Z
1.16596,1.16598,1000000.0,2619999.8856,2018-06-29T12:51:06.328000Z
1.16594,1.16598,6750000.0,1950000.0477,2018-06-29T12:51:06.382000Z
1.16594,1.16596,4500000.0,1000000.0,2018-06-29T12:51:06.436000Z
1.16595,1.16598,4500000.0,2700000.0477,2018-06-29T12:51:06.701000Z
1.16595,1.16599,5059999.9428,5889999.8665,2018-06-29T12:51:07.557000Z
1.1659700000000002,1.16599,3369999.8856,2250000.0,2018-06-29T12:51:07.611000Z
1.16598,1.16601,2250000.0,4570000.1717,2018-06-29T12:51:08.110000Z
1.1659700000000002,1.1660000000000001,3000000.0,3819999.9332,2018-06-29T12:51:08.265000Z
1.16595,1.16598,1000000.0,1870000.0048,2018-06-29T12:51:08.370000Z
1.16595,1.16598,1000000.0,2319999.9332,2018-06-29T12:51:09.136000Z
1.16596,1.16599,1000000.0,4199999.8093,2018-06-29T12:51:09.641000Z
1.16596,1.16599,5250000.0,1570000.0525,2018-06-29T12:51:10.167000Z
1.16598,1.16601,1500000.0,3819999.9332,2018-06-29T12:51:10.614000Z
1.16598,1.16602,3750000.0,1950000.0477,2018-06-29T12:51:11.231000Z
1.1659700000000002,1.16599,1000000.0,2470000.0286,2018-06-29T12:51:11.618000Z
1.16595,1.16598,3750000.0,1870000.0048,2018-06-29T12:51:11.674000Z
1.16594,1.16598,8619999.8856,1200000.0477,2018-06-29T12:51:12.184000Z
1.16595,1.16598,1000000.0,2920000.0763,2018-06-29T12:51:12.702000Z
1.16595,1.16598,1000000.0,3299999.9523,2018-06-29T12:51:13.474000Z
1.16598,1.16599,1500000.0,1200000.0477,2018-06-29T12:51:14.032000Z
1.16598,1.16601,1500000.0,3450000.0477,2018-06-29T12:51:14.085000Z
1.16598,1.1660000000000001,1000000.0,1000000.0,2018-06-29T12:51:14.799000Z
1.16598,1.1660000000000001,1000000.0,1070000.0525,2018-06-29T12:51:15.483000Z
1.16598,1.16601,1870000.0048,1950000.0477,2018-06-29T12:51:15.781000Z
1.16599,1.16601,3750000.0,1200000.0477,2018-06-29T12:51:17.129000Z
1.16598,1.1660000000000001,1500000.0,1000000.0,2018-06-29T12:51:18.444000Z
1.16595,1.16598,1000000.0,1580000.0429,2018-06-29T12:51:18.641000Z
1.1659700000000002,1.16599,1000000.0,1950000.0477,2018-06-29T12:51:19.007000Z
1.1659700000000002,1.1660000000000001,1000000.0,2319999.9332,2018-06-29T12:51:19.547000Z
1.1659700000000002,1.16599,1000000.0,1500000.0,2018-06-29T12:51:20.078000Z
1.16599,1.16602,6369999.8856,1570000.0525,2018-06-29T12:51:20.417000Z
1.1660000000000001,1.16603,1500000.0,3069999.9332,2018-06-29T12:51:20.935000Z
1.1660000000000001,1.16603,1000000.0,1570000.0525,2018-06-29T12:51:21.468000Z
1.16605,1.16608,3750000.0,1570000.0525,2018-06-29T12:51:21.794000Z
1.16604,1.16609,5250000.0,7570000.1717,2018-06-29T12:51:22.323000Z
1.16604,1.16608,5699999.8093,1950000.0477,2018-06-29T12:51:22.948000Z
1.16609,1.16612,3000000.0,6070000.1717,2018-06-29T12:51:23.258000Z
1.16608,1.16612,3559999.9428,4199999.8093,2018-06-29T12:51:23.788000Z
1.16609,1.16612,1000000.0,4949999.8093,2018-06-29T12:51:24.355000Z
1.16609,1.1661100000000002,1500000.0,1000000.0,2018-06-29T12:51:24.951000Z
1.16609,1.16612,1500000.0,3450000.0477,2018-06-29T12:51:25.484000Z
1.16605,1.1661000000000001,7269999.9809,2619999.8856,2018-06-29T12:51:25.849000Z
1.16603,1.16608,4460000.0381,7610000.1335,2018-06-29T12:51:26.198000Z
1.16605,1.16608,1000000.0,5170000.0763,2018-06-29T12:51:26.937000Z
1.16604,1.16608,1950000.0477,4010000.2289,2018-06-29T12:51:27.559000Z
1.16605,1.16608,1000000.0,5139999.8665,2018-06-29T12:51:28.106000Z
1.16604,1.16608,3079999.9237,3259999.9905,2018-06-29T12:51:28.981000Z
1.16605,1.16608,1000000.0,4010000.2289,2018-06-29T12:51:29.959000Z
1.16604,1.16608,1950000.0477,3069999.9332,2018-06-29T12:51:30.568000Z
1.16605,1.16608,1000000.0,3069999.9332,2018-06-29T12:51:31.161000Z
1.16604,1.16608,1389999.9857,3259999.9905,2018-06-29T12:51:31.758000Z
1.16603,1.16606,4570000.1717,5139999.8665,2018-06-29T12:51:32.327000Z
1.16594,1.1659700000000002,1690000.0572,1450000.0477,2018-06-29T12:51:32.667000Z
1.16594,1.1659700000000002,1690000.0572,1009999.9905,2018-06-29T12:51:33.200000Z
1.16593,1.1659700000000002,3940000.0572,2140000.1049,2018-06-29T12:51:33.708000Z
1.16585,1.1658700000000002,1000000.0,4500000.0,2018-06-29T12:51:33.917000Z
1.16582,1.16583,3000000.0,1500000.0,2018-06-29T12:51:34.075000Z
1.16579,1.16582,3369999.8856,1950000.0477,2018-06-29T12:51:34.141000Z
1.1658,1.16582,1690000.0572,2140000.1049,2018-06-29T12:51:34.194000Z
1.16584,1.1658600000000001,2440000.0572,1009999.9905,2018-06-29T12:51:34.351000Z
1.16584,1.1658700000000002,2440000.0572,2890000.1049,2018-06-29T12:51:34.865000Z
1.16585,1.1658700000000002,1690000.0572,1200000.0477,2018-06-29T12:51:35.395000Z
1.16584,1.1658700000000002,4869999.8856,2140000.1049,2018-06-29T12:51:35.911000Z
1.16584,1.1658700000000002,4690000.0572,1200000.0477,2018-06-29T12:51:35.964000Z
1.16585,1.1658700000000002,1250000.0,1200000.0477,2018-06-29T12:51:36.479000Z
1.1658700000000002,1.1659000000000002,2809999.9428,4119999.8856,2018-06-29T12:51:36.739000Z
1.16585,1.16589,4119999.8856,3069999.9332,2018-06-29T12:51:37.053000Z
1.16585,1.16589,2440000.0572,2509999.9905,2018-06-29T12:51:37.598000Z
1.16585,1.16589,1250000.0,4760000.2289,2018-06-29T12:51:37.701000Z
1.16585,1.1658700000000002,1000000.0,1000000.0,2018-06-29T12:51:37.753000Z
1.1658,1.16583,1620000.0048,1389999.9857,2018-06-29T12:51:38.102000Z
1.16583,1.16584,1000000.0,1200000.0477,2018-06-29T12:51:38.589000Z
1.16584,1.1658600000000001,1250000.0,1570000.0525,2018-06-29T12:51:38.692000Z
1.16584,1.1658700000000002,1190000.0572,2140000.1049,2018-06-29T12:51:38.796000Z
1.16584,1.16585,2809999.9428,1250000.0,2018-06-29T12:51:39.295000Z
1.16583,1.16585,1000000.0,1100000.0238,2018-06-29T12:51:40.630000Z
1.16582,1.1658600000000001,5440000.0572,1389999.9857,2018-06-29T12:51:42.258000Z
1.16584,1.1658600000000001,2440000.0572,1200000.0477,2018-06-29T12:51:42.760000Z
1.16584,1.1658700000000002,3559999.9428,3000000.0,2018-06-29T12:51:42.977000Z
1.16588,1.1659000000000002,1000000.0,3069999.9332,2018-06-29T12:51:43.290000Z
1.16585,1.16589,2700000.0477,1759999.9905,2018-06-29T12:51:43.445000Z
1.16583,1.1658600000000001,4690000.0572,1500000.0,2018-06-29T12:51:43.605000Z
1.16581,1.16584,2619999.8856,1100000.0238,2018-06-29T12:51:45.669000Z
1.16582,1.16585,1190000.0572,3640000.1049,2018-06-29T12:51:47.391000Z
1.16581,1.16585,4500000.0,1570000.0525,2018-06-29T12:51:47.921000Z
1.16581,1.16585,5059999.9428,3069999.9332,2018-06-29T12:51:48.026000Z
1.16583,1.1658600000000001,2809999.9428,1200000.0477,2018-06-29T12:51:48.184000Z
1.16584,1.1658700000000002,1250000.0,3450000.0477,2018-06-29T12:51:48.237000Z
1.16584,1.1658700000000002,1250000.0,2319999.9332,2018-06-29T12:51:48.759000Z
1.16584,1.1658700000000002,4690000.0572,1500000.0,2018-06-29T12:51:49.413000Z
1.16584,1.1658700000000002,4690000.0572,1500000.0,2018-06-29T12:51:49.978000Z
1.16584,1.1658700000000002,4010000.2289,1000000.0,2018-06-29T12:51:50.508000Z
1.16584,1.1658700000000002,4010000.2289,1100000.0238,2018-06-29T12:51:51.054000Z
1.16584,1.1658700000000002,1570000.0525,1100000.0238,2018-06-29T12:51:51.106000Z
1.16584,1.1658700000000002,1759999.9905,1200000.0477,2018-06-29T12:51:52.010000Z
1.16584,1.1658700000000002,2509999.9905,1950000.0477,2018-06-29T12:51:52.561000Z
1.16583,1.1658600000000001,1570000.0525,3069999.9332,2018-06-29T12:51:53.062000Z
1.16582,1.16585,2059999.9428,1000000.0,2018-06-29T12:51:53.115000Z
1.16584,1.1658700000000002,1500000.0,6300000.1907,2018-06-29T12:51:53.517000Z
1.16585,1.1658700000000002,1000000.0,1000000.0,2018-06-29T12:51:54.026000Z
1.16585,1.1658700000000002,1000000.0,1870000.0048,2018-06-29T12:51:54.600000Z
1.16585,1.1658700000000002,1000000.0,1870000.0048,2018-06-29T12:51:55.435000Z
1.16585,1.1658700000000002,1000000.0,1000000.0,2018-06-29T12:51:55.998000Z
1.1658600000000001,1.1658700000000002,1000000.0,1120000.0048,2018-06-29T12:51:56.960000Z
1.16585,1.1658700000000002,1000000.0,1000000.0,2018-06-29T12:51:57.573000Z
1.16584,1.1658700000000002,3190000.0572,1000000.0,2018-06-29T12:51:58.535000Z
1.16588,1.16592,6559999.9428,2319999.9332,2018-06-29T12:51:58.836000Z
1.16585,1.16589,1000000.0,1200000.0477,2018-06-29T12:51:59.051000Z
1.1658700000000002,1.16589,1000000.0,1570000.0525,2018-06-29T12:51:59.259000Z
1.1658600000000001,1.1659000000000002,2440000.0572,3450000.0477,2018-06-29T12:52:00.186000Z
1.16589,1.16591,2809999.9428,1000000.0,2018-06-29T12:52:00.491000Z
1.1658700000000002,1.1659000000000002,3069999.9332,1500000.0,2018-06-29T12:52:00.990000Z
1.1658700000000002,1.16588,1500000.0,1000000.0,2018-06-29T12:52:01.043000Z
1.1658700000000002,1.1659000000000002,2250000.0,7570000.1717,2018-06-29T12:52:02.940000Z
1.16585,1.16589,4869999.8856,2319999.9332,2018-06-29T12:52:03.460000Z
1.16585,1.16589,3369999.8856,2700000.0477,2018-06-29T12:52:03.983000Z
1.1658600000000001,1.16589,1000000.0,5320000.1717,2018-06-29T12:52:04.532000Z
1.16585,1.16589,6369999.8856,2700000.0477,2018-06-29T12:52:05.062000Z
1.16585,1.16589,4869999.8856,3450000.0477,2018-06-29T12:52:05.646000Z
1.16585,1.16588,1000000.0,1000000.0,2018-06-29T12:52:06.176000Z
1.1658600000000001,1.16588,1000000.0,1000000.0,2018-06-29T12:52:07.902000Z
1.16584,1.16588,4650000.0954,1200000.0477,2018-06-29T12:52:08.335000Z
1.16584,1.16588,2509999.9905,5320000.1717,2018-06-29T12:52:08.881000Z
1.16583,1.16585,1000000.0,1000000.0,2018-06-29T12:52:10.135000Z
1.16584,1.1658600000000001,1250000.0,1000000.0,2018-06-29T12:52:10.655000Z
1.16581,1.16584,1870000.0048,1100000.0238,2018-06-29T12:52:11.021000Z
1.16579,1.16582,1500000.0,1000000.0,2018-06-29T12:52:11.274000Z
1.16578,1.16582,3559999.9428,1570000.0525,2018-06-29T12:52:11.532000Z
1.16579,1.16583,3750000.0,8140000.3433,2018-06-29T12:52:12.084000Z
1.1658,1.16583,1000000.0,7389999.8665,2018-06-29T12:52:12.625000Z
1.1658,1.16583,1000000.0,7010000.2289,2018-06-29T12:52:13.147000Z
1.1658,1.16582,1000000.0,1500000.0,2018-06-29T12:52:13.706000Z
1.16578,1.16579,1100000.0238,1120000.0048,2018-06-29T12:52:14.601000Z
1.1657700000000002,1.16579,1120000.0048,1720000.0286,2018-06-29T12:52:14.654000Z
1.1657600000000001,1.16579,1000000.0,4800000.1907,2018-06-29T12:52:14.707000Z
1.16575,1.16579,6369999.8856,5550000.1907,2018-06-29T12:52:14.759000Z
1.16575,1.16578,1870000.0048,2140000.1049,2018-06-29T12:52:15.636000Z
1.16575,1.1657700000000002,1500000.0,1000000.0,2018-06-29T12:52:16.171000Z
1.16579,1.16581,1000000.0,4199999.8093,2018-06-29T12:52:16.980000Z
1.16579,1.16581,4010000.2289,3000000.0,2018-06-29T12:52:17.100000Z
1.16579,1.16585,15380000.1144,6110000.1335,2018-06-29T12:52:17.154000Z
1.1658,1.16583,1000000.0,1500000.0,2018-06-29T12:52:17.678000Z
1.16581,1.16583,1000000.0,1690000.0572,2018-06-29T12:52:18.207000Z
1.16582,1.16584,4119999.8856,1690000.0572,2018-06-29T12:52:18.366000Z
1.16584,1.1658600000000001,1500000.0,1500000.0,2018-06-29T12:52:18.419000Z
1.16585,1.1658600000000001,1000000.0,1500000.0,2018-06-29T12:52:18.930000Z
1.16583,1.16585,1870000.0048,1250000.0,2018-06-29T12:52:19.038000Z
1.16582,1.16585,3819999.9332,1250000.0,2018-06-29T12:52:19.587000Z
1.16582,1.16584,1870000.0048,1000000.0,2018-06-29T12:52:20.104000Z
1.16583,1.16585,1120000.0048,1690000.0572,2018-06-29T12:52:21.172000Z
1.1658600000000001,1.1658700000000002,1000000.0,1250000.0,2018-06-29T12:52:21.502000Z
1.1658600000000001,1.16588,1000000.0,1120000.0048,2018-06-29T12:52:22.073000Z
1.1658700000000002,1.1659000000000002,5059999.9428,2440000.0572,2018-06-29T12:52:22.488000Z
1.16595,1.16598,3000000.0,1250000.0,2018-06-29T12:52:22.832000Z
1.16596,1.16598,1120000.0048,1250000.0,2018-06-29T12:52:23.359000Z
1.1659700000000002,1.16599,1500000.0,1250000.0,2018-06-29T12:52:23.889000Z
1.16596,1.16598,1000000.0,1000000.0,2018-06-29T12:52:24.417000Z
1.16595,1.16598,1870000.0048,1000000.0,2018-06-29T12:52:24.983000Z
1.16595,1.16599,2619999.8856,2890000.1049,2018-06-29T12:52:25.485000Z
1.16595,1.16599,3069999.9332,1950000.0477,2018-06-29T12:52:26.025000Z
1.16595,1.1659700000000002,2250000.0,1120000.0048,2018-06-29T12:52:26.081000Z
1.16592,1.16595,3190000.0572,1250000.0,2018-06-29T12:52:26.291000Z
1.16592,1.16595,1000000.0,4949999.8093,2018-06-29T12:52:26.801000Z
1.16591,1.16593,1500000.0,1000000.0,2018-06-29T12:52:27.530000Z
1.16592,1.16596,4500000.0,10010000.2289,2018-06-29T12:52:27.770000Z
1.16593,1.16596,1870000.0048,1690000.0572,2018-06-29T12:52:27.876000Z
1.16593,1.16594,1250000.0,1250000.0,2018-06-29T12:52:28.342000Z
1.16592,1.16595,1000000.0,5510000.2289,2018-06-29T12:52:28.889000Z
1.16593,1.16596,6190000.0572,4570000.1717,2018-06-29T12:52:29.243000Z
1.16594,1.16598,5440000.0572,2509999.9905,2018-06-29T12:52:29.348000Z
1.16594,1.16595,1000000.0,1000000.0,2018-06-29T12:52:30.178000Z
1.16592,1.16594,1690000.0572,1250000.0,2018-06-29T12:52:30.545000Z
1.16593,1.16595,1500000.0,1250000.0,2018-06-29T12:52:31.002000Z
1.16592,1.16595,3940000.0572,1690000.0572,2018-06-29T12:52:31.531000Z
1.16588,1.16589,1100000.0238,2250000.0,2018-06-29T12:52:31.854000Z
1.16584,1.1658600000000001,1500000.0,1120000.0048,2018-06-29T12:52:31.908000Z
1.16584,1.1658700000000002,5440000.0572,2890000.1049,2018-06-29T12:52:32.448000Z
1.16584,1.1658600000000001,5440000.0572,1250000.0,2018-06-29T12:52:32.552000Z
1.16584,1.1658700000000002,5440000.0572,2809999.9428,2018-06-29T12:52:32.605000Z
1.16584,1.1658600000000001,3940000.0572,1250000.0,2018-06-29T12:52:32.708000Z
1.16585,1.1658700000000002,1120000.0048,1250000.0,2018-06-29T12:52:33.247000Z
1.16585,1.16588,1120000.0048,3559999.9428,2018-06-29T12:52:33.810000Z
1.16585,1.1658700000000002,1120000.0048,1100000.0238,2018-06-29T12:52:34.352000Z
1.16584,1.1658600000000001,4309999.9428,1250000.0,2018-06-29T12:52:35.899000Z
1.16585,1.1658700000000002,1120000.0048,1690000.0572,2018-06-29T12:52:36.458000Z
1.16585,1.16588,1120000.0048,6260000.2289,2018-06-29T12:52:37.470000Z
1.16585,1.1658700000000002,1120000.0048,1250000.0,2018-06-29T12:52:37.971000Z
1.16583,1.1658600000000001,3190000.0572,2250000.0,2018-06-29T12:52:42.597000Z
1.16582,1.1658600000000001,1500000.0,9640000.3433,2018-06-29T12:52:43.127000Z
1.16581,1.16585,3559999.9428,1009999.9905,2018-06-29T12:52:43.574000Z
1.16582,1.16585,1000000.0,8699999.8093,2018-06-29T12:52:45.090000Z
1.16582,1.16584,1000000.0,1000000.0,2018-06-29T12:52:45.749000Z
1.16579,1.16581,4389999.8665,3470000.0286,2018-06-29T12:52:46.806000Z
1.1657600000000001,1.1657700000000002,1120000.0048,1000000.0,2018-06-29T12:52:47.045000Z
1.16573,1.1657600000000001,7309999.9428,1000000.0,2018-06-29T12:52:47.100000Z
1.16575,1.16578,2250000.0,4570000.1717,2018-06-29T12:52:47.208000Z
1.16574,1.16578,1870000.0048,1950000.0477,2018-06-29T12:52:47.806000Z
1.16572,1.16575,3450000.0477,1000000.0,2018-06-29T12:52:47.859000Z
1.16571,1.16575,1870000.0048,3940000.0572,2018-06-29T12:52:48.018000Z
1.16572,1.1657600000000001,2250000.0,12939999.5804,2018-06-29T12:52:48.416000Z
1.1657600000000001,1.16578,1000000.0,3069999.9332,2018-06-29T12:52:48.469000Z
1.16578,1.1658,1000000.0,3190000.0572,2018-06-29T12:52:48.834000Z
1.1658,1.16583,1450000.0477,1000000.0,2018-06-29T12:52:48.886000Z
1.16584,1.1658700000000002,2250000.0,7949999.8093,2018-06-29T12:52:49.165000Z
1.16582,1.16584,1120000.0048,1000000.0,2018-06-29T12:52:49.484000Z
1.1658,1.16584,1000000.0,3750000.0,2018-06-29T12:52:49.657000Z
1.1658,1.16583,1950000.0477,1000000.0,2018-06-29T12:52:50.162000Z
1.16581,1.16582,1000000.0,1000000.0,2018-06-29T12:52:53.038000Z
1.1658,1.16583,1500000.0,3750000.0,2018-06-29T12:52:53.589000Z
1.1658,1.16583,3000000.0,2250000.0,2018-06-29T12:52:54.111000Z
1.16581,1.16583,1500000.0,1500000.0,2018-06-29T12:52:54.673000Z
1.16581,1.16584,1000000.0,2059999.9428,2018-06-29T12:52:55.247000Z
1.16581,1.16583,1500000.0,1000000.0,2018-06-29T12:52:57.151000Z
1.16581,1.16584,1000000.0,2059999.9428,2018-06-29T12:52:57.747000Z
1.16581,1.16583,1500000.0,1500000.0,2018-06-29T12:52:58.254000Z
1.16581,1.16584,1309999.9428,1000000.0,2018-06-29T12:52:59.552000Z
1.16583,1.16585,3559999.9428,1000000.0,2018-06-29T12:52:59.864000Z
1.16584,1.16588,2250000.0,2250000.0,2018-06-29T12:52:59.918000Z
1.16584,1.16589,2319999.9332,7949999.8093,2018-06-29T12:53:00.701000Z
1.16585,1.16588,1200000.0477,1000000.0,2018-06-29T12:53:01.236000Z
1.16585,1.16589,1389999.9857,1870000.0048,2018-06-29T12:53:03.033000Z
1.16588,1.16589,1000000.0,2809999.9428,2018-06-29T12:53:03.140000Z
1.1659000000000002,1.16593,1000000.0,6369999.8856,2018-06-29T12:53:03.534000Z
1.16588,1.1659000000000002,1500000.0,1000000.0,2018-06-29T12:53:03.640000Z
1.16585,1.16589,1120000.0048,6750000.0,2018-06-29T12:53:03.850000Z
1.16584,1.1658700000000002,1870000.0048,1000000.0,2018-06-29T12:53:04.480000Z
1.16584,1.1658700000000002,1120000.0048,5320000.1717,2018-06-29T12:53:04.533000Z
1.16584,1.16588,3369999.8856,5059999.9428,2018-06-29T12:53:04.942000Z
1.16584,1.16588,3450000.0477,1000000.0,2018-06-29T12:53:05.547000Z
1.16584,1.16588,2250000.0,3000000.0,2018-06-29T12:53:06.190000Z
1.16583,1.16588,9449999.8093,3000000.0,2018-06-29T12:53:06.714000Z
1.16584,1.1658700000000002,2250000.0,1000000.0,2018-06-29T12:53:07.242000Z
1.16583,1.1658600000000001,4570000.1717,1470000.0286,2018-06-29T12:53:08.686000Z
1.16583,1.1658700000000002,2319999.9332,2319999.9332,2018-06-29T12:53:09.135000Z
1.16583,1.1658700000000002,3259999.9905,1389999.9857,2018-06-29T12:53:09.915000Z
1.16583,1.1658700000000002,6260000.2289,1690000.0572,2018-06-29T12:53:10.466000Z
1.16583,1.1658700000000002,11140000.3433,1250000.0,2018-06-29T12:53:11.017000Z
1.16584,1.16588,7090000.1526,2059999.9428,2018-06-29T12:53:11.551000Z
1.1658700000000002,1.16589,1120000.0048,5889999.8665,2018-06-29T12:53:11.755000Z
1.16588,1.16592,7869999.8856,9750000.0,2018-06-29T12:53:12.192000Z
1.16589,1.16593,6190000.0572,2809999.9428,2018-06-29T12:53:12.294000Z
1.1658600000000001,1.16589,1570000.0525,1500000.0,2018-06-29T12:53:12.546000Z
1.16585,1.16588,3819999.9332,1000000.0,2018-06-29T12:53:13.128000Z
1.1658600000000001,1.16588,1500000.0,1000000.0,2018-06-29T12:53:13.852000Z
1.16588,1.16589,3940000.0572,1250000.0,2018-06-29T12:53:14.281000Z
1.16589,1.16591,1009999.9905,1309999.9428,2018-06-29T12:53:14.334000Z
1.1659000000000002,1.16593,2440000.0572,4760000.2289,2018-06-29T12:53:14.386000Z
1.16593,1.16594,1500000.0,1120000.0048,2018-06-29T12:53:14.542000Z
1.16591,1.16593,5619999.8856,1000000.0,2018-06-29T12:53:14.594000Z
1.16588,1.16591,3819999.9332,1309999.9428,2018-06-29T12:53:14.869000Z
1.1658700000000002,1.16591,3069999.9332,7690000.0572,2018-06-29T12:53:15.078000Z
1.1658600000000001,1.16588,3450000.0477,4500000.0,2018-06-29T12:53:15.186000Z
1.16585,1.1658700000000002,1000000.0,2619999.8856,2018-06-29T12:53:15.293000Z
1.16584,1.16588,2700000.0477,2809999.9428,2018-06-29T12:53:15.801000Z
1.16584,1.1658700000000002,1200000.0477,6190000.0572,2018-06-29T12:53:16.337000Z
1.16584,1.1658700000000002,1200000.0477,6000000.0,2018-06-29T12:53:16.882000Z
1.16583,1.16585,1000000.0,4309999.9428,2018-06-29T12:53:16.987000Z
1.1658,1.16581,1500000.0,1250000.0,2018-06-29T12:53:17.326000Z
1.1657700000000002,1.16579,2700000.0477,1690000.0572,2018-06-29T12:53:17.735000Z
1.1657700000000002,1.16578,2059999.9428,3940000.0572,2018-06-29T12:53:18.247000Z
1.16579,1.16582,3190000.0572,2440000.0572,2018-06-29T12:53:18.661000Z
1.1658,1.16582,1000000.0,1250000.0,2018-06-29T12:53:19.198000Z
1.1658,1.16582,2809999.9428,1250000.0,2018-06-29T12:53:20.715000Z
1.16583,1.16585,1870000.0048,2809999.9428,2018-06-29T12:53:20.767000Z
1.16583,1.1658600000000001,5320000.1717,5440000.0572,2018-06-29T12:53:21.290000Z
1.16583,1.1658600000000001,6449999.8093,3750000.0,2018-06-29T12:53:23.092000Z
1.16582,1.16584,1100000.0238,1250000.0,2018-06-29T12:53:23.621000Z
1.16578,1.16582,4389999.8665,6190000.0572,2018-06-29T12:53:23.982000Z
1.16579,1.16581,2059999.9428,1309999.9428,2018-06-29T12:53:24.727000Z
1.16579,1.16582,2059999.9428,6190000.0572,2018-06-29T12:53:25.304000Z
1.16579,1.16581,2140000.1049,1309999.9428,2018-06-29T12:53:27.028000Z
1.16583,1.16584,1000000.0,3750000.0,2018-06-29T12:53:27.343000Z
1.16584,1.1658700000000002,1690000.0572,2059999.9428,2018-06-29T12:53:27.545000Z
1.1658600000000001,1.16589,2250000.0,5059999.9428,2018-06-29T12:53:27.770000Z
1.1658600000000001,1.1659000000000002,2619999.8856,4309999.9428,2018-06-29T12:53:28.272000Z
1.16584,1.1658700000000002,1500000.0,1500000.0,2018-06-29T12:53:28.587000Z
1.16584,1.16585,1000000.0,1250000.0,2018-06-29T12:53:28.944000Z
1.16584,1.1658600000000001,1000000.0,6940000.0572,2018-06-29T12:53:29.791000Z
1.16581,1.16584,1200000.0477,6750000.0,2018-06-29T12:53:30.283000Z
1.16581,1.16583,1000000.0,3000000.0,2018-06-29T12:53:30.337000Z
1.1658,1.16582,1120000.0048,1500000.0,2018-06-29T12:53:30.390000Z
1.1658,1.16583,2059999.9428,1690000.0572,2018-06-29T12:53:30.994000Z
1.16583,1.16585,2619999.8856,3750000.0,2018-06-29T12:53:31.212000Z
1.16585,1.16588,2809999.9428,8060000.4196,2018-06-29T12:53:31.273000Z
1.16585,1.16588,2809999.9428,6260000.2289,2018-06-29T12:53:32.017000Z
1.1658700000000002,1.16591,1870000.0048,10869999.8856,2018-06-29T12:53:32.069000Z
1.1658600000000001,1.16589,1570000.0525,1000000.0,2018-06-29T12:53:32.121000Z
1.16585,1.16588,1120000.0048,4690000.0572,2018-06-29T12:53:32.670000Z
1.16584,1.1658700000000002,2890000.1049,1250000.0,2018-06-29T12:53:33.975000Z
1.16584,1.16588,2700000.0477,2809999.9428,2018-06-29T12:53:34.638000Z
1.16585,1.16589,7130000.1144,6940000.0572,2018-06-29T12:53:35.325000Z
1.16589,1.16591,1120000.0048,3750000.0,2018-06-29T12:53:35.641000Z
1.1658700000000002,1.1659000000000002,1120000.0048,1120000.0048,2018-06-29T12:53:35.955000Z
1.1658600000000001,1.16588,1950000.0477,4500000.0,2018-06-29T12:53:36.121000Z
1.16585,1.1658700000000002,1500000.0,2619999.8856,2018-06-29T12:53:36.226000Z
1.16584,1.1658700000000002,1250000.0,3559999.9428,2018-06-29T12:53:36.897000Z
1.16585,1.1658700000000002,2059999.9428,1250000.0,2018-06-29T12:53:37.158000Z
1.1658600000000001,1.16589,1250000.0,6190000.0572,2018-06-29T12:53:37.520000Z
1.1658600000000001,1.16588,2059999.9428,1250000.0,2018-06-29T12:53:38.029000Z
1.16585,1.16588,1950000.0477,1000000.0,2018-06-29T12:53:39Z
1.16584,1.1658700000000002,1120000.0048,2809999.9428,2018-06-29T12:53:39.518000Z
1.1658600000000001,1.16588,1000000.0,4500000.0,2018-06-29T12:53:39.810000Z
1.16584,1.1658700000000002,1870000.0048,3750000.0,2018-06-29T12:53:40.527000Z
1.16583,1.1658600000000001,1000000.0,5440000.0572,2018-06-29T12:53:41.359000Z
1.16583,1.16585,1000000.0,1250000.0,2018-06-29T12:53:43.425000Z
1.16583,1.1658600000000001,1000000.0,5440000.0572,2018-06-29T12:53:43.942000Z
1.16583,1.16585,1000000.0,3750000.0,2018-06-29T12:53:44.949000Z
1.16583,1.16584,1000000.0,4500000.0,2018-06-29T12:53:45.893000Z
1.16583,1.1658600000000001,4760000.2289,2440000.0572,2018-06-29T12:53:46.102000Z
1.16583,1.1658600000000001,2440000.0572,2440000.0572,2018-06-29T12:53:46.687000Z
1.16583,1.1658600000000001,2509999.9905,2440000.0572,2018-06-29T12:53:47.209000Z
1.16583,1.1658600000000001,2509999.9905,1000000.0,2018-06-29T12:53:47.884000Z
1.16583,1.16585,1870000.0048,3750000.0,2018-06-29T12:53:48.990000Z
1.1658,1.16582,3369999.8856,1000000.0,2018-06-29T12:53:49.148000Z
1.16578,1.16582,7949999.8093,1000000.0,2018-06-29T12:53:49.200000Z
1.16581,1.16583,2250000.0,1100000.0238,2018-06-29T12:53:49.619000Z
1.16581,1.16583,2809999.9428,1250000.0,2018-06-29T12:53:50.130000Z
1.16581,1.16584,1950000.0477,6190000.0572,2018-06-29T12:53:50.941000Z
1.16581,1.16583,2890000.1049,1690000.0572,2018-06-29T12:53:51.550000Z
1.16581,1.16584,1200000.0477,7690000.0572,2018-06-29T12:53:52.217000Z
1.16582,1.16584,2250000.0,1690000.0572,2018-06-29T12:53:52.664000Z
1.16584,1.1658600000000001,1120000.0048,5250000.0,2018-06-29T12:53:52.768000Z
1.16584,1.1658600000000001,1309999.9428,2750000.0,2018-06-29T12:53:53.764000Z
1.16584,1.1658600000000001,1120000.0048,1250000.0,2018-06-29T12:53:54.415000Z
1.16584,1.1658600000000001,1309999.9428,2750000.0,2018-06-29T12:53:56.893000Z
1.16584,1.1658600000000001,1309999.9428,1250000.0,2018-06-29T12:53:57.854000Z
1.16583,1.16585,2250000.0,7869999.8856,2018-06-29T12:54:00.093000Z
1.1658,1.16583,1500000.0,6190000.0572,2018-06-29T12:54:00.147000Z
1.1658,1.16583,1120000.0048,7010000.2289,2018-06-29T12:54:01.037000Z
1.1658,1.16582,1120000.0048,3940000.0572,2018-06-29T12:54:01.572000Z
1.16578,1.16579,1500000.0,1870000.0048,2018-06-29T12:54:01.897000Z
1.16575,1.16578,1250000.0,4539999.9619,2018-06-29T12:54:02.116000Z
1.16575,1.1657600000000001,1000000.0,1000000.0,2018-06-29T12:54:03.561000Z
1.16575,1.1657700000000002,1000000.0,6940000.0572,2018-06-29T12:54:04.849000Z
1.16573,1.16574,1500000.0,1250000.0,2018-06-29T12:54:05.341000Z
1.16571,1.16573,1500000.0,1500000.0,2018-06-29T12:54:05.395000Z
1.1657,1.16573,3369999.8856,2250000.0,2018-06-29T12:54:06.045000Z
1.16571,1.16574,1000000.0,1500000.0,2018-06-29T12:54:06.803000Z
1.1657,1.16574,1870000.0048,1690000.0572,2018-06-29T12:54:07.403000Z
1.1657,1.16573,1000000.0,2140000.1049,2018-06-29T12:54:07.664000Z
1.16578,1.16581,2099999.9046,1000000.0,2018-06-29T12:54:07.915000Z
1.16578,1.16584,2440000.0572,11510000.2289,2018-06-29T12:54:08.093000Z
1.16579,1.16582,3559999.9428,1250000.0,2018-06-29T12:54:08.637000Z
1.16579,1.16583,4500000.0,5510000.2289,2018-06-29T12:54:09.147000Z
1.16578,1.1658,3000000.0,3750000.0,2018-06-29T12:54:09.304000Z
1.16573,1.1657600000000001,1309999.9428,5809999.9428,2018-06-29T12:54:09.462000Z
1.16573,1.1657600000000001,2059999.9428,5440000.0572,2018-06-29T12:54:10.052000Z
1.16571,1.16575,4869999.8856,1500000.0,2018-06-29T12:54:10.742000Z
1.1657,1.16572,1500000.0,1250000.0,2018-06-29T12:54:10.795000Z
1.16568,1.16571,1120000.0048,4119999.8856,2018-06-29T12:54:11.104000Z
1.1656600000000001,1.1656900000000001,1100000.0238,1250000.0,2018-06-29T12:54:11.157000Z
1.16565,1.1656900000000001,1250000.0,2890000.1049,2018-06-29T12:54:11.699000Z
1.16563,1.1656700000000002,2470000.0286,1500000.0,2018-06-29T12:54:12.352000Z
1.16563,1.1656700000000002,7309999.9428,1570000.0525,2018-06-29T12:54:12.886000Z
1.16564,1.1656700000000002,1190000.0572,5440000.0572,2018-06-29T12:54:13.436000Z
1.16564,1.1656700000000002,1250000.0,3750000.0,2018-06-29T12:54:14.536000Z
1.16563,1.1656700000000002,5059999.9428,5699999.8093,2018-06-29T12:54:15.088000Z
1.16561,1.16565,1759999.9905,2440000.0572,2018-06-29T12:54:15.192000Z
1.1655900000000001,1.16562,1570000.0525,5250000.0,2018-06-29T12:54:15.473000Z
1.1655900000000001,1.16561,1309999.9428,4690000.0572,2018-06-29T12:54:16.215000Z
1.16561,1.16563,1190000.0572,1269999.9809,2018-06-29T12:54:16.626000Z
1.1656,1.16564,4949999.8093,1570000.0525,2018-06-29T12:54:16.679000Z
1.1655900000000001,1.16562,2319999.9332,5250000.0,2018-06-29T12:54:16.783000Z
1.1655900000000001,1.16563,2890000.1049,1309999.9428,2018-06-29T12:54:17.128000Z
1.1655900000000001,1.16564,1759999.9905,7760000.2289,2018-06-29T12:54:17.706000Z
1.1655900000000001,1.16563,2319999.9332,2059999.9428,2018-06-29T12:54:18.289000Z
1.1655900000000001,1.16564,1289999.9619,5809999.9428,2018-06-29T12:54:18.812000Z
1.1655900000000001,1.16563,2890000.1049,7309999.9428,2018-06-29T12:54:19.683000Z
1.16563,1.1656600000000001,2809999.9428,6190000.0572,2018-06-29T12:54:19.997000Z
1.16564,1.1656600000000001,1309999.9428,3750000.0,2018-06-29T12:54:20.510000Z
1.16564,1.16565,1000000.0,1500000.0,2018-06-29T12:54:21.182000Z
1.16561,1.16564,1500000.0,1200000.0477,2018-06-29T12:54:21.234000Z
1.16561,1.16564,1190000.0572,1200000.0477,2018-06-29T12:54:21.388000Z
1.16561,1.16564,1250000.0,1200000.0477,2018-06-29T12:54:21.867000Z
1.16561,1.16564,2440000.0572,1200000.0477,2018-06-29T12:54:22.460000Z
1.16561,1.16564,1309999.9428,1200000.0477,2018-06-29T12:54:24.767000Z
1.1656,1.16563,1690000.0572,1190000.0572,2018-06-29T12:54:26.707000Z
1.1655900000000001,1.16561,1120000.0048,1500000.0,2018-06-29T12:54:27.217000Z
1.16558,1.1656,3190000.0572,1870000.0048,2018-06-29T12:54:27.750000Z
1.1655900000000001,1.16561,1120000.0048,3000000.0,2018-06-29T12:54:28.363000Z
1.1655700000000002,1.1656,3369999.8856,1500000.0,2018-06-29T12:54:28.627000Z
1.16558,1.1656,1309999.9428,2440000.0572,2018-06-29T12:54:28.680000Z
1.1655700000000002,1.1655900000000001,1120000.0048,3940000.0572,2018-06-29T12:54:28.786000Z
1.1655700000000002,1.1656,1309999.9428,5440000.0572,2018-06-29T12:54:29.173000Z
1.16558,1.16561,2809999.9428,1389999.9857,2018-06-29T12:54:29.332000Z
1.16558,1.1656,2440000.0572,1500000.0,2018-06-29T12:54:30.198000Z
1.16558,1.16561,3190000.0572,1500000.0,2018-06-29T12:54:30.706000Z
1.16558,1.1656,3559999.9428,2250000.0,2018-06-29T12:54:31.760000Z
1.16558,1.16561,3190000.0572,2619999.8856,2018-06-29T12:54:32.340000Z
1.16558,1.1656,5809999.9428,2250000.0,2018-06-29T12:54:33.096000Z
1.16558,1.1656,1120000.0048,6639999.8665,2018-06-29T12:54:33.663000Z
1.1655600000000002,1.1655900000000001,1250000.0,3450000.0477,2018-06-29T12:54:33.843000Z
1.16555,1.1655900000000001,4690000.0572,2890000.1049,2018-06-29T12:54:34.594000Z
1.16555,1.16558,6190000.0572,1950000.0477,2018-06-29T12:54:35.168000Z
1.16555,1.16558,5250000.0,1950000.0477,2018-06-29T12:54:35.688000Z
1.16555,1.16558,4119999.8856,4199999.8093,2018-06-29T12:54:36.221000Z
1.16555,1.1655900000000001,6940000.0572,1570000.0525,2018-06-29T12:54:37.169000Z
1.16558,1.1656,2059999.9428,3819999.9332,2018-06-29T12:54:37.301000Z
1.16558,1.1656,6940000.0572,3750000.0,2018-06-29T12:54:37.846000Z
1.1655900000000001,1.16561,1190000.0572,3819999.9332,2018-06-29T12:54:38.446000Z
1.16558,1.16562,4309999.9428,1200000.0477,2018-06-29T12:54:38.973000Z
1.16558,1.16563,3559999.9428,5510000.2289,2018-06-29T12:54:39.580000Z
1.1655700000000002,1.1656,3069999.9332,6559999.9428,2018-06-29T12:54:39.886000Z
1.16555,1.1655900000000001,1500000.0,11510000.2289,2018-06-29T12:54:39.939000Z
1.1655600000000002,1.16558,1000000.0,6449999.8093,2018-06-29T12:54:40.513000Z
1.16555,1.16558,1500000.0,1950000.0477,2018-06-29T12:54:41.727000Z
1.16554,1.1655900000000001,5250000.0,12449999.8093,2018-06-29T12:54:42.236000Z
1.16554,1.1655900000000001,6750000.0,12819999.6948,2018-06-29T12:54:42.822000Z
1.1655600000000002,1.16558,1690000.0572,1950000.0477,2018-06-29T12:54:45.636000Z
1.16558,1.1656,3190000.0572,1690000.0572,2018-06-29T12:54:45.741000Z
1.1655700000000002,1.16561,3750000.0,10270000.4578,2018-06-29T12:54:45.898000Z
1.1655700000000002,1.1656,1870000.0048,3450000.0477,2018-06-29T12:54:46.418000Z
1.1655700000000002,1.1656,1309999.9428,4389999.8665,2018-06-29T12:54:47.090000Z
1.16558,1.16561,5809999.9428,7460000.0381,2018-06-29T12:54:47.468000Z
1.1655900000000001,1.1656,1309999.9428,1200000.0477,2018-06-29T12:54:49.446000Z
1.1655900000000001,1.16563,2440000.0572,6940000.0572,2018-06-29T12:54:50.022000Z
1.1656,1.16563,2440000.0572,3450000.0477,2018-06-29T12:54:50.569000Z
1.16563,1.16565,2059999.9428,7119999.8856,2018-06-29T12:54:54.697000Z
1.16564,1.1656600000000001,2440000.0572,1500000.0,2018-06-29T12:54:54.927000Z
1.1656600000000001,1.16568,1500000.0,6820000.1717,2018-06-29T12:54:55.135000Z
1.1656900000000001,1.16572,2700000.0477,1200000.0477,2018-06-29T12:54:55.705000Z
1.16568,1.1656900000000001,1000000.0,1000000.0,2018-06-29T12:54:56.175000Z
1.1656700000000002,1.1656900000000001,1299999.9523,1950000.0477,2018-06-29T12:54:56.278000Z
1.16565,1.1656900000000001,3750000.0,3450000.0477,2018-06-29T12:54:57.856000Z
1.16565,1.1656600000000001,1000000.0,1950000.0477,2018-06-29T12:54:58.011000Z
1.1655900000000001,1.16562,4119999.8856,1120000.0048,2018-06-29T12:54:58.276000Z
1.1655900000000001,1.16563,2440000.0572,10760000.2289,2018-06-29T12:54:58.833000Z
1.1655900000000001,1.16562,1690000.0572,6639999.8665,2018-06-29T12:54:59.062000Z
1.16561,1.16562,1000000.0,4010000.2289,2018-06-29T12:54:59.164000Z
1.16558,1.16561,3930000.0668,1690000.0572,2018-06-29T12:54:59.625000Z
1.16558,1.1656,3559999.9428,1000000.0,2018-06-29T12:55:00.154000Z
1.1655600000000002,1.1656,7500000.0,9369999.8856,2018-06-29T12:55:00.943000Z
1.1655600000000002,1.16558,1500000.0,7420000.0763,2018-06-29T12:55:00.998000Z
1.1655900000000001,1.16561,1690000.0572,4500000.0,2018-06-29T12:55:01.173000Z
1.16561,1.16563,1309999.9428,9640000.3433,2018-06-29T12:55:01.327000Z
1.16563,1.1656600000000001,3559999.9428,1250000.0,2018-06-29T12:55:01.381000Z
1.16564,1.16565,1000000.0,1200000.0477,2018-06-29T12:55:03.763000Z
1.16562,1.16565,2440000.0572,1950000.0477,2018-06-29T12:55:04.283000Z
1.16562,1.16565,1500000.0,1200000.0477,2018-06-29T12:55:07.455000Z
1.16561,1.16565,4690000.0572,1100000.0238,2018-06-29T12:55:08.002000Z
1.16561,1.16564,1500000.0,6449999.8093,2018-06-29T12:55:08.331000Z
1.1655900000000001,1.16561,3940000.0572,1000000.0,2018-06-29T12:55:08.385000Z
1.1656,1.16563,1000000.0,7949999.8093,2018-06-29T12:55:08.596000Z
1.1656,1.16564,2440000.0572,3069999.9332,2018-06-29T12:55:09.055000Z
1.16561,1.16563,1000000.0,5139999.8665,2018-06-29T12:55:09.770000Z
1.16561,1.16563,1000000.0,4949999.8093,2018-06-29T12:55:10.311000Z
1.16561,1.16563,1000000.0,7199999.8093,2018-06-29T12:55:10.854000Z
1.16563,1.1656600000000001,2440000.0572,5889999.8665,2018-06-29T12:55:11.166000Z
1.16563,1.1656600000000001,2809999.9428,6190000.0572,2018-06-29T12:55:11.761000Z
1.16563,1.1656600000000001,5619999.8856,5440000.0572,2018-06-29T12:55:12.071000Z
1.1655900000000001,1.1656,5619999.8856,2849999.9046,2018-06-29T12:55:12.832000Z
1.1655700000000002,1.1655900000000001,1000000.0,1870000.0048,2018-06-29T12:55:12.886000Z
1.16555,1.1655700000000002,3750000.0,1000000.0,2018-06-29T12:55:13.144000Z
1.16555,1.16558,1690000.0572,2619999.8856,2018-06-29T12:55:14.589000Z
1.1655700000000002,1.1655900000000001,2099999.9046,1200000.0477,2018-06-29T12:55:16.278000Z
1.16561,1.16565,2220000.0286,4199999.8093,2018-06-29T12:55:16.332000Z
1.16562,1.16565,1750000.0,1200000.0477,2018-06-29T12:55:16.385000Z
1.16561,1.16563,1200000.0477,1000000.0,2018-06-29T12:55:16.439000Z
1.1656,1.16561,1870000.0048,1500000.0,2018-06-29T12:55:16.491000Z
1.16558,1.1656,4119999.8856,1000000.0,2018-06-29T12:55:16.617000Z
1.16558,1.1656,1950000.0477,1000000.0,2018-06-29T12:55:17.182000Z
1.16555,1.1655900000000001,8319999.6948,3599999.9046,2018-06-29T12:55:17.633000Z
1.16554,1.1655600000000002,2319999.9332,1500000.0,2018-06-29T12:55:17.735000Z
1.16554,1.1655700000000002,1759999.9905,3190000.0572,2018-06-29T12:55:17.889000Z
1.16554,1.1655600000000002,2140000.1049,1000000.0,2018-06-29T12:55:18.394000Z
1.1655700000000002,1.1655900000000001,1500000.0,8510000.2289,2018-06-29T12:55:20.809000Z
1.16558,1.16562,2619999.8856,3190000.0572,2018-06-29T12:55:21.008000Z
1.16558,1.16562,3940000.0572,5440000.0572,2018-06-29T12:55:21.114000Z
1.16558,1.16561,3940000.0572,1000000.0,2018-06-29T12:55:21.663000Z
1.16558,1.16561,4309999.9428,1000000.0,2018-06-29T12:55:22.224000Z
1.16558,1.16562,4309999.9428,3940000.0572,2018-06-29T12:55:22.753000Z
1.16563,1.16565,1000000.0,7949999.8093,2018-06-29T12:55:23.075000Z
1.1656600000000001,1.16568,1000000.0,1000000.0,2018-06-29T12:55:23.390000Z
1.1656900000000001,1.1657,1120000.0048,7760000.2289,2018-06-29T12:55:23.547000Z
1.1657,1.16573,2250000.0,5250000.0,2018-06-29T12:55:23.753000Z
1.16571,1.16574,1500000.0,2319999.9332,2018-06-29T12:55:26.618000Z
1.1657,1.16573,1870000.0048,1100000.0238,2018-06-29T12:55:26.983000Z
1.1657,1.16572,1120000.0048,1200000.0477,2018-06-29T12:55:27.983000Z
1.16568,1.16572,1120000.0048,2099999.9046,2018-06-29T12:55:28.037000Z
1.1657,1.16572,3190000.0572,1000000.0,2018-06-29T12:55:28.185000Z
1.16571,1.16574,2440000.0572,1200000.0477,2018-06-29T12:55:28.290000Z
1.16572,1.16575,1309999.9428,3000000.0,2018-06-29T12:55:29.857000Z
1.16572,1.16575,3000000.0,2700000.0477,2018-06-29T12:55:30.994000Z
1.16574,1.1657700000000002,2809999.9428,3819999.9332,2018-06-29T12:55:31.679000Z
1.16574,1.16578,9939999.5804,1120000.0048,2018-06-29T12:55:32.200000Z
1.16575,1.16579,3190000.0572,2319999.9332,2018-06-29T12:55:32.733000Z
1.16575,1.16578,2440000.0572,2250000.0,2018-06-29T12:55:33.241000Z
1.16578,1.16579,2250000.0,1200000.0477,2018-06-29T12:55:34.764000Z
1.16582,1.16585,2250000.0,3000000.0,2018-06-29T12:55:34.921000Z
1.16581,1.16585,1950000.0477,6110000.1335,2018-06-29T12:55:35.103000Z
1.1658,1.16583,3369999.8856,1950000.0477,2018-06-29T12:55:35.206000Z
1.16581,1.16585,2250000.0,3450000.0477,2018-06-29T12:55:40.581000Z
1.16582,1.16585,1000000.0,7199999.8093,2018-06-29T12:55:41.257000Z
1.16581,1.16584,2619999.8856,1570000.0525,2018-06-29T12:55:41.779000Z
1.1658,1.16584,1570000.0525,2700000.0477,2018-06-29T12:55:43.279000Z
1.1658,1.16584,1309999.9428,3259999.9905,2018-06-29T12:55:45.868000Z
1.16579,1.16581,3069999.9332,2619999.8856,2018-06-29T12:55:46.621000Z
1.16572,1.16574,4000000.0,1500000.0,2018-06-29T12:55:46.972000Z
1.16571,1.16574,1120000.0048,1500000.0,2018-06-29T12:55:47.077000Z
1.16571,1.16574,4760000.2289,1000000.0,2018-06-29T12:55:47.580000Z
1.16572,1.16574,1190000.0572,1000000.0,2018-06-29T12:55:48.101000Z
1.16572,1.16574,1000000.0,1000000.0,2018-06-29T12:55:48.617000Z
1.16572,1.16574,1190000.0572,1000000.0,2018-06-29T12:55:50.035000Z
1.16571,1.16574,2809999.9428,1000000.0,2018-06-29T12:55:50.537000Z
1.16573,1.16574,1000000.0,1000000.0,2018-06-29T12:55:52.611000Z
1.16572,1.16574,1000000.0,1000000.0,2018-06-29T12:55:53.159000Z
1.16573,1.16574,1000000.0,1000000.0,2018-06-29T12:55:55.757000Z
1.16572,1.16574,1000000.0,1100000.0238,2018-06-29T12:55:56.275000Z
1.16571,1.16574,1120000.0048,1100000.0238,2018-06-29T12:55:57.427000Z
1.16571,1.16573,1870000.0048,1000000.0,2018-06-29T12:55:58.883000Z
1.16571,1.16574,1120000.0048,3819999.9332,2018-06-29T12:55:59.475000Z
1.16571,1.16572,1500000.0,1000000.0,2018-06-29T12:55:59.528000Z
1.16562,1.16564,1000000.0,1250000.0,2018-06-29T12:55:59.755000Z
1.16563,1.16565,2619999.8856,1250000.0,2018-06-29T12:55:59.866000Z
1.1655900000000001,1.16562,4119999.8856,1000000.0,2018-06-29T12:55:59.973000Z
1.16558,1.1656,1500000.0,1000000.0,2018-06-29T12:56:00.031000Z
1.1655600000000002,1.1655900000000001,1570000.0525,1500000.0,2018-06-29T12:56:00.086000Z
1.1655900000000001,1.16562,1000000.0,2700000.0477,2018-06-29T12:56:00.339000Z
1.1655900000000001,1.16563,1870000.0048,2250000.0,2018-06-29T12:56:00.549000Z
1.1656,1.16563,1000000.0,2250000.0,2018-06-29T12:56:01.274000Z
1.1655900000000001,1.16563,4500000.0,2250000.0,2018-06-29T12:56:01.792000Z
1.1656,1.16563,1250000.0,2250000.0,2018-06-29T12:56:02.304000Z
1.1655900000000001,1.16562,1200000.0477,1000000.0,2018-06-29T12:56:04.045000Z
1.1656,1.16562,1000000.0,1120000.0048,2018-06-29T12:56:04.999000Z
1.1655900000000001,1.16562,1000000.0,1000000.0,2018-06-29T12:56:05.514000Z
1.16558,1.16562,6559999.9428,1870000.0048,2018-06-29T12:56:06.958000Z
1.16558,1.16562,3190000.0572,2440000.0572,2018-06-29T12:56:09.081000Z
1.16558,1.16562,3190000.0572,1500000.0,2018-06-29T12:56:09.661000Z
1.16558,1.16562,3190000.0572,1690000.0572,2018-06-29T12:56:10.170000Z
1.16558,1.16563,3559999.9428,12859999.6567,2018-06-29T12:56:12.506000Z
1.16558,1.16561,3559999.9428,1250000.0,2018-06-29T12:56:13.357000Z
1.1655900000000001,1.16562,1250000.0,1250000.0,2018-06-29T12:56:13.910000Z
1.1655900000000001,1.16561,1309999.9428,1250000.0,2018-06-29T12:56:14.430000Z
1.1655900000000001,1.16562,1309999.9428,1250000.0,2018-06-29T12:56:14.947000Z
1.1656,1.16562,1120000.0048,1250000.0,2018-06-29T12:56:15.454000Z
1.1655900000000001,1.16561,1620000.0048,1250000.0,2018-06-29T12:56:16.068000Z
1.1655700000000002,1.1656,1950000.0477,3190000.0572,2018-06-29T12:56:17.486000Z
1.1655700000000002,1.1656,1950000.0477,3940000.0572,2018-06-29T12:56:17.539000Z
1.1655600000000002,1.16558,1000000.0,1000000.0,2018-06-29T12:56:17.760000Z
1.1655600000000002,1.1655900000000001,1000000.0,2140000.1049,2018-06-29T12:56:18.275000Z
1.16555,1.1655900000000001,3640000.1049,2140000.1049,2018-06-29T12:56:19.551000Z
1.1655900000000001,1.16561,1000000.0,3640000.1049,2018-06-29T12:56:20.257000Z
1.16558,1.16561,4309999.9428,1309999.9428,2018-06-29T12:56:20.759000Z
1.1656,1.16561,1000000.0,1309999.9428,2018-06-29T12:56:21.097000Z
1.1655900000000001,1.16561,2250000.0,1250000.0,2018-06-29T12:56:21.751000Z
1.1655900000000001,1.16562,1000000.0,3559999.9428,2018-06-29T12:56:22.624000Z
1.1656,1.16562,1000000.0,3190000.0572,2018-06-29T12:56:23.150000Z
1.1655900000000001,1.16562,1000000.0,1570000.0525,2018-06-29T12:56:24.730000Z
1.16558,1.16562,2059999.9428,4159999.8474,2018-06-29T12:56:25.248000Z
1.1655900000000001,1.16561,1309999.9428,2440000.0572,2018-06-29T12:56:25.753000Z
1.1655900000000001,1.16561,1309999.9428,2440000.0572,2018-06-29T12:56:27.746000Z
1.1655700000000002,1.1656,4949999.8093,2440000.0572,2018-06-29T12:56:27.902000Z
1.1655600000000002,1.16558,1870000.0048,1000000.0,2018-06-29T12:56:28.006000Z
1.1655600000000002,1.16558,1190000.0572,1000000.0,2018-06-29T12:56:28.675000Z
1.1655600000000002,1.16558,1000000.0,1000000.0,2018-06-29T12:56:29.196000Z
1.1655600000000002,1.1655900000000001,1690000.0572,2509999.9905,2018-06-29T12:56:31.707000Z
1.16558,1.1656,1870000.0048,1000000.0,2018-06-29T12:56:32.019000Z
1.1655900000000001,1.16561,1309999.9428,3190000.0572,2018-06-29T12:56:32.546000Z
1.1655900000000001,1.16562,3190000.0572,3190000.0572,2018-06-29T12:56:32.651000Z
1.16564,1.16565,2809999.9428,4199999.8093,2018-06-29T12:56:34.062000Z
1.1656700000000002,1.16568,1120000.0048,1870000.0048,2018-06-29T12:56:34.115000Z
1.16568,1.1657,3750000.0,1000000.0,2018-06-29T12:56:34.222000Z
1.1656900000000001,1.16572,3190000.0572,1759999.9905,2018-06-29T12:56:34.276000Z
1.1656700000000002,1.16571,1570000.0525,3450000.0477,2018-06-29T12:56:34.592000Z
1.1656700000000002,1.1657,1500000.0,2250000.0,2018-06-29T12:56:35.191000Z
1.1656700000000002,1.1656900000000001,1370000.0048,1000000.0,2018-06-29T12:56:36.103000Z
1.1656600000000001,1.16568,1120000.0048,1120000.0048,2018-06-29T12:56:36.156000Z
1.16568,1.1657,1120000.0048,4389999.8665,2018-06-29T12:56:36.416000Z
1.16568,1.16571,1690000.0572,2250000.0,2018-06-29T12:56:36.566000Z
1.16568,1.16572,4309999.9428,1500000.0,2018-06-29T12:56:37.089000Z
1.16568,1.1657,1000000.0,2250000.0,2018-06-29T12:56:38.501000Z
1.1656700000000002,1.1657,1120000.0048,5250000.0,2018-06-29T12:56:38.606000Z
1.1656600000000001,1.1656900000000001,1000000.0,8850000.3815,2018-06-29T12:56:39.138000Z
1.1656600000000001,1.16568,1000000.0,5250000.0,2018-06-29T12:56:39.676000Z
1.1656600000000001,1.16568,1309999.9428,2250000.0,2018-06-29T12:56:41.332000Z
1.1656600000000001,1.16568,1120000.0048,5250000.0,2018-06-29T12:56:41.837000Z
1.16565,1.1656900000000001,3000000.0,4500000.0,2018-06-29T12:56:43.747000Z
1.1656700000000002,1.1656900000000001,1000000.0,3000000.0,2018-06-29T12:56:43.799000Z
1.1656600000000001,1.16571,4389999.8665,9640000.3433,2018-06-29T12:56:43.958000Z
1.16568,1.16571,1000000.0,4010000.2289,2018-06-29T12:56:44.561000Z
1.1657,1.16572,1500000.0,1000000.0,2018-06-29T12:56:44.613000Z
1.16574,1.1657700000000002,3369999.8856,2250000.0,2018-06-29T12:56:44.831000Z
1.1657700000000002,1.16578,1000000.0,1000000.0,2018-06-29T12:56:45.063000Z
1.1657600000000001,1.1658,2619999.8856,5659999.8474,2018-06-29T12:56:45.326000Z
1.16579,1.16581,1000000.0,5550000.1907,2018-06-29T12:56:45.380000Z
1.1658,1.16582,1000000.0,1000000.0,2018-06-29T12:56:45.486000Z
1.16578,1.16582,7949999.8093,1870000.0048,2018-06-29T12:56:45.540000Z
1.1657700000000002,1.16581,1470000.0286,1200000.0477,2018-06-29T12:56:46.067000Z
1.1657600000000001,1.1657700000000002,2250000.0,1500000.0,2018-06-29T12:56:46.302000Z
1.1656900000000001,1.16573,1950000.0477,5699999.8093,2018-06-29T12:56:46.542000Z
1.1656700000000002,1.1657,1950000.0477,1500000.0,2018-06-29T12:56:46.648000Z
1.1656700000000002,1.16571,1570000.0525,2890000.1049,2018-06-29T12:56:47.195000Z
1.1656700000000002,1.1657,1100000.0238,3000000.0,2018-06-29T12:56:47.801000Z
1.1656700000000002,1.16571,2440000.0572,7460000.0381,2018-06-29T12:56:48.601000Z
1.1656900000000001,1.16571,1000000.0,7389999.8665,2018-06-29T12:56:49.038000Z
1.1656700000000002,1.16571,1009999.9905,5889999.8665,2018-06-29T12:56:49.142000Z
1.16568,1.16571,1000000.0,10390000.3433,2018-06-29T12:56:49.720000Z
1.1656700000000002,1.1657,2890000.1049,3750000.0,2018-06-29T12:56:50.284000Z
1.1656700000000002,1.1657,1389999.9857,6190000.0572,2018-06-29T12:56:50.872000Z
1.16568,1.16571,1250000.0,13760000.2289,2018-06-29T12:56:51.449000Z
1.1656700000000002,1.16571,1759999.9905,8210000.0381,2018-06-29T12:56:52.042000Z
1.1656700000000002,1.1657,2140000.1049,2509999.9905,2018-06-29T12:56:52.568000Z
1.1656700000000002,1.1657,2890000.1049,6260000.2289,2018-06-29T12:56:53.118000Z
1.16568,1.1657,1000000.0,3750000.0,2018-06-29T12:56:53.719000Z
1.1656700000000002,1.1657,2890000.1049,1500000.0,2018-06-29T12:56:54.286000Z
1.1656700000000002,1.1657,2140000.1049,2440000.0572,2018-06-29T12:56:54.789000Z
1.1656700000000002,1.16571,1620000.0048,9789999.9619,2018-06-29T12:56:55.769000Z
1.1656700000000002,1.1657,1620000.0048,2440000.0572,2018-06-29T12:56:56.464000Z
1.1656700000000002,1.16571,1620000.0048,10159999.8474,2018-06-29T12:56:57.046000Z
1.16565,1.1656600000000001,4199999.8093,1500000.0,2018-06-29T12:56:57.503000Z
1.1656,1.16563,2700000.0477,6599999.9046,2018-06-29T12:56:57.800000Z
1.1656,1.16563,1100000.0238,4690000.0572,2018-06-29T12:56:58.316000Z
1.16561,1.16564,1690000.0572,2140000.1049,2018-06-29T12:57:00.136000Z
1.16561,1.16565,2509999.9905,2440000.0572,2018-06-29T12:57:00.779000Z
1.1655600000000002,1.1656,2319999.9332,4570000.1717,2018-06-29T12:57:01.042000Z
1.16558,1.1656,1690000.0572,1250000.0,2018-06-29T12:57:01.269000Z
1.16558,1.16561,2059999.9428,5289999.9619,2018-06-29T12:57:01.785000Z
1.16558,1.1656,2250000.0,1000000.0,2018-06-29T12:57:02.690000Z
1.16558,1.16561,1500000.0,5099999.9046,2018-06-29T12:57:03.233000Z
1.1655600000000002,1.1656,4760000.2289,3190000.0572,2018-06-29T12:57:03.779000Z
1.1655600000000002,1.1656,3450000.0477,3369999.8856,2018-06-29T12:57:04.335000Z
1.1655600000000002,1.1656,2569999.9332,10869999.8856,2018-06-29T12:57:05.751000Z
1.1655600000000002,1.1656,2250000.0,9069999.6948,2018-06-29T12:57:07.213000Z
1.1655600000000002,1.1656,2250000.0,8699999.8093,2018-06-29T12:57:07.775000Z
1.16555,1.1656,5320000.1717,2319999.9332,2018-06-29T12:57:09.481000Z
1.1655600000000002,1.1656,1500000.0,8319999.6948,2018-06-29T12:57:10.162000Z
1.16555,1.1656,6070000.1717,2250000.0,2018-06-29T12:57:10.214000Z
1.1655600000000002,1.1655900000000001,2700000.0477,1120000.0048,2018-06-29T12:57:12.097000Z
1.1655600000000002,1.1656,1200000.0477,6750000.0,2018-06-29T12:57:12.608000Z
1.1655600000000002,1.16558,2700000.0477,1000000.0,2018-06-29T12:57:12.813000Z
1.1655600000000002,1.1655900000000001,1200000.0477,1500000.0,2018-06-29T12:57:13.386000Z
1.1655700000000002,1.1656,2700000.0477,9369999.8856,2018-06-29T12:57:14.059000Z
1.16558,1.1656,1120000.0048,3750000.0,2018-06-29T12:57:14.582000Z
1.1655700000000002,1.16561,1690000.0572,15560000.4196,2018-06-29T12:57:16.478000Z
1.1655700000000002,1.1656,2440000.0572,3000000.0,2018-06-29T12:57:17.140000Z
1.1655700000000002,1.1656,1120000.0048,2809999.9428,2018-06-29T12:57:17.654000Z
1.1655700000000002,1.1655900000000001,1000000.0,1000000.0,2018-06-29T12:57:19.841000Z
1.1655700000000002,1.1656,4199999.8093,7500000.0,2018-06-29T12:57:22.159000Z
1.1656,1.16561,1000000.0,3369999.8856,2018-06-29T12:57:22.699000Z
1.1655900000000001,1.16563,1309999.9428,8289999.9619,2018-06-29T12:57:23.127000Z
1.1655900000000001,1.16561,2440000.0572,1000000.0,2018-06-29T12:57:23.533000Z
1.1655900000000001,1.16561,1690000.0572,1000000.0,2018-06-29T12:57:24.132000Z
1.1655700000000002,1.16561,1000000.0,15449999.8093,2018-06-29T12:57:24.654000Z
1.16558,1.1656,1100000.0238,2250000.0,2018-06-29T12:57:25.178000Z
1.16558,1.16561,1100000.0238,4500000.0,2018-06-29T12:57:27.428000Z
1.16558,1.1656,1570000.0525,1000000.0,2018-06-29T12:57:27.937000Z
1.16558,1.16561,1100000.0238,4500000.0,2018-06-29T12:57:28.813000Z
1.16558,1.1656,1570000.0525,1000000.0,2018-06-29T12:57:30.212000Z
1.1655700000000002,1.1656,1100000.0238,2250000.0,2018-06-29T12:57:30.763000Z
1.1655600000000002,1.1656,2319999.9332,1870000.0048,2018-06-29T12:57:31.314000Z
1.1655600000000002,1.1656,3819999.9332,8619999.8856,2018-06-29T12:57:31.878000Z
1.16558,1.1656,1250000.0,1000000.0,2018-06-29T12:57:32.510000Z
1.16561,1.16563,1250000.0,4500000.0,2018-06-29T12:57:32.668000Z
1.16568,1.1657,1450000.0477,1000000.0,2018-06-29T12:57:33.018000Z
1.16568,1.1657,1000000.0,2619999.8856,2018-06-29T12:57:33.560000Z
