bid,ask,bid_vol,ask_vol,time
1.23118,1.2312,1870000.0048,1250000.0,2018-03-29T12:45:00.184000Z
1.23116,1.23118,5320000.1717,1870000.0048,2018-03-29T12:45:00.737000Z
1.2311400000000001,1.23118,2700000.0477,7010000.2289,2018-03-29T12:45:00.790000Z
1.2311400000000001,1.23116,2250000.0,1120000.0048,2018-03-29T12:45:01.307000Z
1.23113,1.23115,2319999.9332,1000000.0,2018-03-29T12:45:03.156000Z
1.2311100000000001,1.23113,3069999.9332,1000000.0,2018-03-29T12:45:03.262000Z
1.2311100000000001,1.2311400000000001,1120000.0048,3559999.9428,2018-03-29T12:45:03.794000Z
1.2311100000000001,1.23113,1000000.0,1500000.0,2018-03-29T12:45:04.345000Z
1.23109,1.23113,8699999.8093,5059999.9428,2018-03-29T12:45:04.895000Z
1.23109,1.23113,5510000.2289,5139999.8665,2018-03-29T12:45:05.919000Z
1.23108,1.23109,3069999.9332,1000000.0,2018-03-29T12:45:07.816000Z
1.23106,1.23108,1309999.9428,2700000.0477,2018-03-29T12:45:08.068000Z
1.23107,1.23109,3069999.9332,1870000.0048,2018-03-29T12:45:08.426000Z
1.23108,1.2311,1100000.0238,1100000.0238,2018-03-29T12:45:08.478000Z
1.23109,1.2311100000000001,1950000.0477,1100000.0238,2018-03-29T12:45:08.736000Z
1.23109,1.23113,2700000.0477,8699999.8093,2018-03-29T12:45:08.788000Z
1.23109,1.23113,1950000.0477,10390000.3433,2018-03-29T12:45:10.792000Z
1.23109,1.23113,1950000.0477,11510000.2289,2018-03-29T12:45:11.306000Z
1.23109,1.2311200000000002,3069999.9332,2619999.8856,2018-03-29T12:45:11.862000Z
1.23108,1.2311,2509999.9905,1250000.0,2018-03-29T12:45:12.019000Z
1.23106,1.23109,3450000.0477,1000000.0,2018-03-29T12:45:12.284000Z
1.23106,1.23109,3069999.9332,1870000.0048,2018-03-29T12:45:13.321000Z
1.23106,1.23108,3069999.9332,1000000.0,2018-03-29T12:45:13.931000Z
1.23107,1.23109,1120000.0048,1870000.0048,2018-03-29T12:45:14.861000Z
1.23107,1.23108,1120000.0048,1000000.0,2018-03-29T12:45:15.632000Z
1.23107,1.23109,1120000.0048,2250000.0,2018-03-29T12:45:16.292000Z
1.23109,1.2311100000000001,1120000.0048,4309999.9428,2018-03-29T12:45:16.939000Z
1.23108,1.2311,5320000.1717,1000000.0,2018-03-29T12:45:17.467000Z
1.23108,1.2311100000000001,3819999.9332,1120000.0048,2018-03-29T12:45:18.547000Z
1.23108,1.2311100000000001,3450000.0477,1000000.0,2018-03-29T12:45:19.992000Z
1.23109,1.2311,1000000.0,1000000.0,2018-03-29T12:45:20.505000Z
1.23108,1.2311100000000001,3069999.9332,1000000.0,2018-03-29T12:45:21.040000Z
1.23108,1.2311100000000001,3450000.0477,1000000.0,2018-03-29T12:45:23.037000Z
1.23109,1.2311,1500000.0,1000000.0,2018-03-29T12:45:23.575000Z
1.23108,1.2311100000000001,6449999.8093,1000000.0,2018-03-29T12:45:24.279000Z
1.23106,1.2311,7389999.8665,3940000.0572,2018-03-29T12:45:24.693000Z
1.23107,1.2311,2319999.9332,1690000.0572,2018-03-29T12:45:25.272000Z
1.23107,1.23109,1500000.0,1500000.0,2018-03-29T12:45:26.579000Z
1.23106,1.23109,1120000.0048,4119999.8856,2018-03-29T12:45:27.738000Z
1.23105,1.23106,1000000.0,1000000.0,2018-03-29T12:45:27.841000Z
1.23105,1.23107,1000000.0,1120000.0048,2018-03-29T12:45:28.560000Z
1.23105,1.23106,1000000.0,1000000.0,2018-03-29T12:45:29.218000Z
1.23105,1.23107,1000000.0,5250000.0,2018-03-29T12:45:29.735000Z
1.23103,1.23104,2319999.9332,1000000.0,2018-03-29T12:45:30.161000Z
1.2310100000000002,1.23103,1269999.9809,1759999.9905,2018-03-29T12:45:30.267000Z
1.2310100000000002,1.2310200000000002,1120000.0048,1000000.0,2018-03-29T12:45:30.863000Z
1.231,1.2310200000000002,1120000.0048,2250000.0,2018-03-29T12:45:31.584000Z
1.231,1.23103,1870000.0048,4199999.8093,2018-03-29T12:45:32.130000Z
1.231,1.2310200000000002,1870000.0048,2250000.0,2018-03-29T12:45:33.079000Z
1.231,1.23103,1870000.0048,4199999.8093,2018-03-29T12:45:33.583000Z
1.231,1.23103,1120000.0048,4199999.8093,2018-03-29T12:45:34.131000Z
1.231,1.23103,1120000.0048,3000000.0,2018-03-29T12:45:34.980000Z
1.23099,1.23103,3750000.0,6260000.2289,2018-03-29T12:45:35.643000Z
1.23099,1.23103,2250000.0,4389999.8665,2018-03-29T12:45:36.160000Z
1.23099,1.2310100000000002,1500000.0,1500000.0,2018-03-29T12:45:36.411000Z
1.2309700000000001,1.231,8850000.3815,3000000.0,2018-03-29T12:45:36.466000Z
1.23099,1.2310100000000002,1120000.0048,4389999.8665,2018-03-29T12:45:36.614000Z
1.23098,1.231,1000000.0,1950000.0477,2018-03-29T12:45:38.016000Z
1.23099,1.23103,9369999.8856,4570000.1717,2018-03-29T12:45:38.533000Z
1.2310100000000002,1.2310200000000002,1000000.0,2250000.0,2018-03-29T12:45:38.585000Z
1.23099,1.2310200000000002,3299999.9523,3450000.0477,2018-03-29T12:45:38.747000Z
1.23099,1.2310100000000002,1120000.0048,1200000.0477,2018-03-29T12:45:39.276000Z
1.23099,1.231,1000000.0,1000000.0,2018-03-29T12:45:39.787000Z
1.23099,1.2310100000000002,1000000.0,2250000.0,2018-03-29T12:45:40.352000Z
1.23099,1.231,1000000.0,1000000.0,2018-03-29T12:45:41.751000Z
1.23099,1.2310100000000002,1000000.0,1950000.0477,2018-03-29T12:45:42.259000Z
1.23099,1.231,1000000.0,1000000.0,2018-03-29T12:45:44.728000Z
1.23099,1.2310100000000002,1000000.0,1000000.0,2018-03-29T12:45:45.274000Z
1.23099,1.231,1000000.0,1000000.0,2018-03-29T12:45:46.262000Z
1.23096,1.23099,5769999.9809,4119999.8856,2018-03-29T12:45:46.963000Z
1.23093,1.23096,4690000.0572,1000000.0,2018-03-29T12:45:47.118000Z
1.23093,1.23096,1500000.0,2319999.9332,2018-03-29T12:45:47.664000Z
1.23093,1.23096,1000000.0,5360000.1335,2018-03-29T12:45:48.197000Z
1.2309200000000002,1.23095,2319999.9332,1200000.0477,2018-03-29T12:45:48.962000Z
1.23089,1.2309100000000002,1870000.0048,2319999.9332,2018-03-29T12:45:49.274000Z
1.23088,1.2309,1000000.0,1200000.0477,2018-03-29T12:45:49.326000Z
1.23086,1.23088,6070000.1717,1000000.0,2018-03-29T12:45:49.554000Z
1.23085,1.2308700000000001,2250000.0,2700000.0477,2018-03-29T12:45:50.067000Z
1.23083,1.23086,1000000.0,2319999.9332,2018-03-29T12:45:50.243000Z
1.2308100000000002,1.23084,2250000.0,6000000.0,2018-03-29T12:45:50.348000Z
1.2308100000000002,1.23082,1120000.0048,1000000.0,2018-03-29T12:45:50.604000Z
1.2308100000000002,1.23084,1120000.0048,8319999.6948,2018-03-29T12:45:50.656000Z
1.2308000000000001,1.23083,2250000.0,5510000.2289,2018-03-29T12:45:50.963000Z
1.23079,1.23082,2809999.9428,1200000.0477,2018-03-29T12:45:51.113000Z
1.23079,1.23082,2059999.9428,1200000.0477,2018-03-29T12:45:51.625000Z
1.23078,1.23082,8250000.0,4199999.8093,2018-03-29T12:45:52.127000Z
1.2308000000000001,1.23082,1000000.0,3450000.0477,2018-03-29T12:45:52.673000Z
1.23079,1.23082,4690000.0572,2250000.0,2018-03-29T12:45:54.624000Z
1.23079,1.23082,2440000.0572,3190000.0572,2018-03-29T12:45:55.244000Z
1.23079,1.23082,2250000.0,1100000.0238,2018-03-29T12:45:55.945000Z
1.23078,1.2308100000000002,1500000.0,3750000.0,2018-03-29T12:45:55.997000Z
1.2307299999999999,1.2307700000000001,1250000.0,2509999.9905,2018-03-29T12:45:56.303000Z
1.2307299999999999,1.23075,2440000.0572,1250000.0,2018-03-29T12:45:56.869000Z
1.23076,1.2307700000000001,1500000.0,3259999.9905,2018-03-29T12:45:57.022000Z
1.23078,1.2308000000000001,3369999.8856,2140000.1049,2018-03-29T12:45:57.176000Z
1.2308000000000001,1.23082,1000000.0,2700000.0477,2018-03-29T12:45:57.278000Z
1.2308100000000002,1.23084,2250000.0,1100000.0238,2018-03-29T12:45:57.600000Z
1.2308000000000001,1.23082,1389999.9857,1000000.0,2018-03-29T12:45:57.651000Z
1.23078,1.23082,3369999.8856,1200000.0477,2018-03-29T12:45:58.702000Z
1.23078,1.23082,2440000.0572,3819999.9332,2018-03-29T12:45:59.216000Z
1.23078,1.23082,1690000.0572,3819999.9332,2018-03-29T12:45:59.921000Z
1.23078,1.23082,1120000.0048,3640000.1049,2018-03-29T12:46:00.422000Z
1.23078,1.2308000000000001,1000000.0,1370000.0048,2018-03-29T12:46:00.882000Z
1.23079,1.23082,1120000.0048,3819999.9332,2018-03-29T12:46:01.233000Z
1.23079,1.2308100000000002,1500000.0,1200000.0477,2018-03-29T12:46:02.202000Z
1.23079,1.23082,1250000.0,5690000.0572,2018-03-29T12:46:02.718000Z
1.23079,1.23082,1250000.0,5320000.1717,2018-03-29T12:46:03.333000Z
1.2308000000000001,1.23082,1000000.0,6639999.8665,2018-03-29T12:46:04.250000Z
1.23079,1.2308100000000002,2890000.1049,1500000.0,2018-03-29T12:46:04.792000Z
1.2308100000000002,1.23083,2809999.9428,6070000.1717,2018-03-29T12:46:05.364000Z
1.23083,1.23086,1000000.0,5769999.9809,2018-03-29T12:46:05.535000Z
1.23083,1.2308700000000001,2059999.9428,2099999.9046,2018-03-29T12:46:06.199000Z
1.23084,1.2308700000000001,1000000.0,4719999.7902,2018-03-29T12:46:06.787000Z
1.23083,1.2308700000000001,3220000.0286,1840000.0334,2018-03-29T12:46:08.241000Z
1.23083,1.2308700000000001,2140000.1049,3900000.0954,2018-03-29T12:46:08.745000Z
1.23083,1.2308700000000001,2140000.1049,1149999.9762,2018-03-29T12:46:09.295000Z
1.23083,1.2308700000000001,3039999.9619,4690000.0572,2018-03-29T12:46:10.136000Z
1.23083,1.2308700000000001,2890000.1049,4690000.0572,2018-03-29T12:46:10.699000Z
1.23083,1.2308700000000001,1759999.9905,10949999.8093,2018-03-29T12:46:11.220000Z
1.2308100000000002,1.23084,10010000.2289,4119999.8856,2018-03-29T12:46:11.483000Z
1.23079,1.23083,6449999.8093,2619999.8856,2018-03-29T12:46:11.725000Z
1.2308100000000002,1.23084,1000000.0,6079999.9237,2018-03-29T12:46:11.778000Z
1.23082,1.23086,4309999.9428,7010000.2289,2018-03-29T12:46:12.204000Z
1.23082,1.23085,3640000.1049,1000000.0,2018-03-29T12:46:12.831000Z
1.23082,1.2308700000000001,8510000.2289,12520000.4578,2018-03-29T12:46:13.349000Z
1.23084,1.2308700000000001,1870000.0048,2619999.8856,2018-03-29T12:46:13.725000Z
1.23084,1.23088,1250000.0,10390000.3433,2018-03-29T12:46:14.707000Z
1.23084,1.23086,1009999.9905,1000000.0,2018-03-29T12:46:15.856000Z
1.23084,1.2308700000000001,1100000.0238,5699999.8093,2018-03-29T12:46:16.372000Z
1.23093,1.23094,1120000.0048,3450000.0477,2018-03-29T12:46:16.699000Z
1.23093,1.2309700000000001,1370000.0048,11140000.3433,2018-03-29T12:46:16.909000Z
1.23093,1.23096,2059999.9428,2809999.9428,2018-03-29T12:46:18.069000Z
1.23093,1.23096,2619999.8856,1500000.0,2018-03-29T12:46:19.153000Z
1.23093,1.23095,1950000.0477,3190000.0572,2018-03-29T12:46:19.701000Z
1.2309100000000002,1.23094,2769999.9809,2700000.0477,2018-03-29T12:46:19.857000Z
1.2309100000000002,1.23093,1950000.0477,1000000.0,2018-03-29T12:46:19.909000Z
1.2309100000000002,1.23093,1000000.0,1120000.0048,2018-03-29T12:46:20.415000Z
1.2309100000000002,1.2309200000000002,1000000.0,1000000.0,2018-03-29T12:46:21.079000Z
1.2309100000000002,1.23093,1000000.0,1009999.9905,2018-03-29T12:46:21.602000Z
1.2309100000000002,1.2309200000000002,1000000.0,1500000.0,2018-03-29T12:46:22.427000Z
1.2309,1.2309200000000002,1000000.0,2250000.0,2018-03-29T12:46:22.946000Z
1.2309,1.2309200000000002,1000000.0,2059999.9428,2018-03-29T12:46:24.833000Z
1.2308700000000001,1.23089,1200000.0477,1000000.0,2018-03-29T12:46:25.041000Z
1.23084,1.23088,1870000.0048,6260000.2289,2018-03-29T12:46:25.218000Z
1.23082,1.23086,4199999.8093,1870000.0048,2018-03-29T12:46:25.627000Z
1.23084,1.2308700000000001,1000000.0,3640000.1049,2018-03-29T12:46:25.678000Z
1.23084,1.2308700000000001,1000000.0,1200000.0477,2018-03-29T12:46:26.730000Z
1.2308000000000001,1.23082,1120000.0048,1500000.0,2018-03-29T12:46:27.070000Z
1.23079,1.23082,1950000.0477,3069999.9332,2018-03-29T12:46:27.588000Z
1.23079,1.23082,1000000.0,2319999.9332,2018-03-29T12:46:28.243000Z
1.2307700000000001,1.2308000000000001,3450000.0477,1000000.0,2018-03-29T12:46:29.545000Z
1.23079,1.2308000000000001,1000000.0,1000000.0,2018-03-29T12:46:30.073000Z
1.23079,1.23083,1500000.0,12670000.0763,2018-03-29T12:46:30.126000Z
1.2308100000000002,1.23083,6820000.1717,1000000.0,2018-03-29T12:46:30.230000Z
1.23082,1.23085,10390000.3433,1120000.0048,2018-03-29T12:46:30.345000Z
1.23084,1.23086,1000000.0,2700000.0477,2018-03-29T12:46:31.639000Z
1.23083,1.23086,1200000.0477,2700000.0477,2018-03-29T12:46:34.102000Z
1.2308100000000002,1.23083,1120000.0048,1570000.0525,2018-03-29T12:46:34.258000Z
1.2308000000000001,1.23084,1570000.0525,9069999.6948,2018-03-29T12:46:34.803000Z
1.2308100000000002,1.23085,6260000.2289,2319999.9332,2018-03-29T12:46:36.097000Z
1.23083,1.2308700000000001,1759999.9905,10760000.2289,2018-03-29T12:46:36.508000Z
1.23083,1.2308700000000001,1570000.0525,11319999.6948,2018-03-29T12:46:37.009000Z
1.23083,1.2308700000000001,2890000.1049,7909999.8474,2018-03-29T12:46:41.254000Z
1.23085,1.2308700000000001,2140000.1049,1250000.0,2018-03-29T12:46:41.718000Z
1.23084,1.2308700000000001,1100000.0238,1100000.0238,2018-03-29T12:46:41.823000Z
1.23083,1.2308700000000001,3259999.9905,10239999.7711,2018-03-29T12:46:42.370000Z
1.23083,1.23085,1690000.0572,1000000.0,2018-03-29T12:46:42.885000Z
1.23083,1.23086,1500000.0,2619999.8856,2018-03-29T12:46:43.417000Z
1.23083,1.23085,2059999.9428,1000000.0,2018-03-29T12:46:43.960000Z
1.23082,1.23084,1250000.0,2250000.0,2018-03-29T12:46:44.767000Z
1.23083,1.23086,3190000.0572,1500000.0,2018-03-29T12:46:45.183000Z
1.23084,1.23085,1120000.0048,1000000.0,2018-03-29T12:46:45.792000Z
1.23084,1.2308700000000001,1120000.0048,6489999.7711,2018-03-29T12:46:46.106000Z
1.23083,1.23086,4690000.0572,1000000.0,2018-03-29T12:46:46.620000Z
1.23083,1.2308700000000001,4690000.0572,2140000.1049,2018-03-29T12:46:47.188000Z
1.23085,1.23088,5250000.0,5889999.8665,2018-03-29T12:46:47.447000Z
1.23088,1.2309100000000002,1000000.0,11890000.3433,2018-03-29T12:46:47.605000Z
1.2308700000000001,1.2309100000000002,4760000.2289,7010000.2289,2018-03-29T12:46:48.123000Z
1.2308700000000001,1.2309,4199999.8093,1000000.0,2018-03-29T12:46:48.626000Z
1.23088,1.2309100000000002,4500000.0,1500000.0,2018-03-29T12:46:49.025000Z
1.23088,1.2309200000000002,6340000.1526,1120000.0048,2018-03-29T12:46:49.551000Z
1.23088,1.2309200000000002,5889999.8665,1320000.0525,2018-03-29T12:46:50.533000Z
1.23089,1.2309200000000002,1120000.0048,1250000.0,2018-03-29T12:46:51.472000Z
1.23089,1.2309200000000002,1500000.0,1620000.0048,2018-03-29T12:46:53.057000Z
1.2309100000000002,1.2309200000000002,1000000.0,1000000.0,2018-03-29T12:46:55.254000Z
1.23093,1.23095,2250000.0,1120000.0048,2018-03-29T12:46:55.358000Z
1.23093,1.23096,3750000.0,1000000.0,2018-03-29T12:46:55.411000Z
1.23093,1.23096,3559999.9428,1000000.0,2018-03-29T12:46:56.985000Z
1.23093,1.23096,7389999.8665,1000000.0,2018-03-29T12:46:57.844000Z
1.23094,1.23098,1950000.0477,4349999.9046,2018-03-29T12:46:58.376000Z
1.23094,1.23098,1950000.0477,1120000.0048,2018-03-29T12:46:58.926000Z
1.23094,1.2309700000000001,5019999.9809,1000000.0,2018-03-29T12:46:59.733000Z
1.23093,1.23098,3670000.0763,5320000.1717,2018-03-29T12:47:00.277000Z
1.23093,1.2309700000000001,3559999.9428,1000000.0,2018-03-29T12:47:00.748000Z
1.23093,1.23094,1200000.0477,2700000.0477,2018-03-29T12:47:00.853000Z
1.2309100000000002,1.23093,2809999.9428,1000000.0,2018-03-29T12:47:00.957000Z
1.2309100000000002,1.23094,1120000.0048,2250000.0,2018-03-29T12:47:01.522000Z
1.2309200000000002,1.23093,1049999.9523,1000000.0,2018-03-29T12:47:02.039000Z
1.2309100000000002,1.23093,1000000.0,1370000.0048,2018-03-29T12:47:02.598000Z
1.2309,1.23093,1570000.0525,3640000.1049,2018-03-29T12:47:03.259000Z
1.2309,1.2309100000000002,1000000.0,1000000.0,2018-03-29T12:47:04.008000Z
1.23089,1.2309100000000002,3450000.0477,1000000.0,2018-03-29T12:47:05.518000Z
1.23089,1.2309200000000002,2619999.8856,1870000.0048,2018-03-29T12:47:09.456000Z
1.23089,1.2309100000000002,2619999.8856,1419999.9571,2018-03-29T12:47:10.204000Z
1.23088,1.2309200000000002,6449999.8093,3450000.0477,2018-03-29T12:47:13.473000Z
1.23088,1.2309200000000002,5699999.8093,3819999.9332,2018-03-29T12:47:14.837000Z
1.23088,1.2309200000000002,10390000.3433,4119999.8856,2018-03-29T12:47:15.433000Z
1.23089,1.2309200000000002,1000000.0,4500000.0,2018-03-29T12:47:16.604000Z
1.2309,1.2309200000000002,1000000.0,3750000.0,2018-03-29T12:47:17.498000Z
1.2309100000000002,1.2309200000000002,1100000.0238,3369999.8856,2018-03-29T12:47:18.367000Z
1.23093,1.23094,1000000.0,1950000.0477,2018-03-29T12:47:18.419000Z
1.23094,1.2309700000000001,2440000.0572,4570000.1717,2018-03-29T12:47:18.635000Z
1.23095,1.2309700000000001,1120000.0048,1500000.0,2018-03-29T12:47:19.143000Z
1.23095,1.23098,1000000.0,2440000.0572,2018-03-29T12:47:20.653000Z
1.23095,1.2309700000000001,1000000.0,1000000.0,2018-03-29T12:47:21.222000Z
1.23095,1.23098,1000000.0,2440000.0572,2018-03-29T12:47:21.736000Z
1.23095,1.2309700000000001,1000000.0,1000000.0,2018-03-29T12:47:22.275000Z
1.23094,1.2309700000000001,3259999.9905,1000000.0,2018-03-29T12:47:22.790000Z
1.23094,1.23096,6000000.0,1000000.0,2018-03-29T12:47:23.426000Z
1.23093,1.23094,1200000.0477,1500000.0,2018-03-29T12:47:23.532000Z
1.2309100000000002,1.23093,1370000.0048,3369999.8856,2018-03-29T12:47:23.585000Z
1.2309,1.2309100000000002,1120000.0048,1120000.0048,2018-03-29T12:47:23.639000Z
1.23088,1.2309100000000002,11699999.8093,1120000.0048,2018-03-29T12:47:23.795000Z
1.23089,1.2309100000000002,1000000.0,1120000.0048,2018-03-29T12:47:24.676000Z
1.23088,1.2309100000000002,11319999.6948,1120000.0048,2018-03-29T12:47:25.219000Z
1.23089,1.2309100000000002,1000000.0,1120000.0048,2018-03-29T12:47:26.256000Z
1.23088,1.2309200000000002,6820000.1717,3190000.0572,2018-03-29T12:47:26.944000Z
1.23089,1.2309100000000002,1000000.0,1309999.9428,2018-03-29T12:47:28.019000Z
1.23089,1.2309100000000002,1000000.0,1309999.9428,2018-03-29T12:47:28.630000Z
1.23088,1.2309100000000002,9819999.6948,1120000.0048,2018-03-29T12:47:29.292000Z
1.23089,1.2309100000000002,1000000.0,1250000.0,2018-03-29T12:47:30.154000Z
1.23088,1.2309100000000002,5320000.1717,1000000.0,2018-03-29T12:47:32.747000Z
1.23089,1.2309100000000002,1000000.0,1250000.0,2018-03-29T12:47:33.340000Z
1.23088,1.2309200000000002,3069999.9332,4690000.0572,2018-03-29T12:47:34.053000Z
1.23088,1.2309200000000002,2509999.9905,2809999.9428,2018-03-29T12:47:35.870000Z
1.23089,1.2309100000000002,2440000.0572,1000000.0,2018-03-29T12:47:36.788000Z
1.23088,1.2309200000000002,7570000.1717,2809999.9428,2018-03-29T12:47:37.303000Z
1.23088,1.2309200000000002,7199999.8093,3190000.0572,2018-03-29T12:47:38.557000Z
1.2309,1.2309200000000002,1500000.0,3750000.0,2018-03-29T12:47:43.385000Z
1.23089,1.2309200000000002,1500000.0,2809999.9428,2018-03-29T12:47:43.960000Z
1.2308700000000001,1.23089,1100000.0238,4309999.9428,2018-03-29T12:47:49.897000Z
1.23085,1.23088,1870000.0048,1500000.0,2018-03-29T12:47:51.152000Z
1.23085,1.23088,1000000.0,3940000.0572,2018-03-29T12:47:51.671000Z
1.2308000000000001,1.23082,1309999.9428,1000000.0,2018-03-29T12:47:52.816000Z
1.23075,1.23078,4500000.0,1570000.0525,2018-03-29T12:47:53.082000Z
1.23074,1.23075,8699999.8093,2619999.8856,2018-03-29T12:47:53.546000Z
1.23069,1.2307100000000002,1000000.0,4199999.8093,2018-03-29T12:47:53.653000Z
1.2307100000000002,1.23072,1500000.0,1120000.0048,2018-03-29T12:47:53.812000Z
1.23074,1.23076,2250000.0,1000000.0,2018-03-29T12:47:54.177000Z
1.23076,1.23078,1500000.0,2440000.0572,2018-03-29T12:47:54.230000Z
1.23079,1.23082,1100000.0238,2890000.1049,2018-03-29T12:47:54.441000Z
1.23079,1.23082,2890000.1049,1100000.0238,2018-03-29T12:47:54.596000Z
1.23079,1.23082,1950000.0477,1100000.0238,2018-03-29T12:47:54.699000Z
1.2307700000000001,1.23078,1570000.0525,4500000.0,2018-03-29T12:47:55.042000Z
1.23069,1.23072,2440000.0572,1570000.0525,2018-03-29T12:47:55.201000Z
1.23068,1.2307100000000002,1690000.0572,1950000.0477,2018-03-29T12:47:55.307000Z
1.23068,1.2307100000000002,1000000.0,4389999.8665,2018-03-29T12:47:56.048000Z
1.2307000000000001,1.2307100000000002,2619999.8856,1950000.0477,2018-03-29T12:47:57.926000Z
1.23068,1.2307000000000001,3069999.9332,1250000.0,2018-03-29T12:47:58.250000Z
1.23068,1.23072,2250000.0,4010000.2289,2018-03-29T12:47:58.508000Z
1.23068,1.23072,1500000.0,4760000.2289,2018-03-29T12:47:58.961000Z
1.23068,1.23072,4949999.8093,6070000.1717,2018-03-29T12:47:59.645000Z
1.2307000000000001,1.2307299999999999,3190000.0572,4760000.2289,2018-03-29T12:47:59.803000Z
1.23068,1.2307100000000002,3069999.9332,2250000.0,2018-03-29T12:47:59.998000Z
1.23068,1.2307100000000002,2440000.0572,1950000.0477,2018-03-29T12:48:02.696000Z
1.23068,1.2307100000000002,1309999.9428,1389999.9857,2018-03-29T12:48:03.516000Z
1.23068,1.2307100000000002,2250000.0,1389999.9857,2018-03-29T12:48:03.823000Z
1.2307000000000001,1.23072,2619999.8856,1870000.0048,2018-03-29T12:48:04.091000Z
1.2307299999999999,1.23074,1690000.0572,1870000.0048,2018-03-29T12:48:04.303000Z
1.23074,1.2307700000000001,9640000.3433,1000000.0,2018-03-29T12:48:04.508000Z
1.23075,1.23078,1759999.9905,2319999.9332,2018-03-29T12:48:05.020000Z
1.23075,1.23078,1200000.0477,3259999.9905,2018-03-29T12:48:05.537000Z
1.23074,1.23078,1500000.0,3259999.9905,2018-03-29T12:48:06.208000Z
1.23074,1.23078,3069999.9332,3369999.8856,2018-03-29T12:48:07.006000Z
1.23074,1.23078,1570000.0525,1870000.0048,2018-03-29T12:48:07.654000Z
1.23074,1.2307700000000001,1500000.0,1250000.0,2018-03-29T12:48:08.169000Z
1.23074,1.2307700000000001,1500000.0,1250000.0,2018-03-29T12:48:08.687000Z
1.23074,1.2307700000000001,1500000.0,1250000.0,2018-03-29T12:48:09.219000Z
1.23074,1.23076,2250000.0,1000000.0,2018-03-29T12:48:09.789000Z
1.2307299999999999,1.2307700000000001,4010000.2289,2440000.0572,2018-03-29T12:48:10.438000Z
1.2307299999999999,1.23076,5510000.2289,1000000.0,2018-03-29T12:48:12.128000Z
1.2307100000000002,1.23074,4010000.2289,8699999.8093,2018-03-29T12:48:12.679000Z
1.2307000000000001,1.2307299999999999,3450000.0477,5250000.0,2018-03-29T12:48:12.732000Z
1.2307000000000001,1.23072,1120000.0048,1500000.0,2018-03-29T12:48:13.500000Z
1.23069,1.23072,1870000.0048,1500000.0,2018-03-29T12:48:14.021000Z
1.23068,1.2307000000000001,3369999.8856,1120000.0048,2018-03-29T12:48:14.789000Z
1.23072,1.23075,1120000.0048,2250000.0,2018-03-29T12:48:15.100000Z
1.2307000000000001,1.2307299999999999,6860000.1335,1009999.9905,2018-03-29T12:48:15.619000Z
1.2307000000000001,1.23074,4989999.7711,5139999.8665,2018-03-29T12:48:16.205000Z
1.23072,1.23076,12750000.0,2700000.0477,2018-03-29T12:48:16.516000Z
1.2307299999999999,1.23076,2890000.1049,2700000.0477,2018-03-29T12:48:17.062000Z
1.2307299999999999,1.23075,4239999.7711,1309999.9428,2018-03-29T12:48:17.576000Z
1.2307299999999999,1.23076,1240000.0095,1759999.9905,2018-03-29T12:48:18.101000Z
1.23075,1.23076,1250000.0,2250000.0,2018-03-29T12:48:18.566000Z
1.2307299999999999,1.23075,2250000.0,5250000.0,2018-03-29T12:48:23.798000Z
1.2307299999999999,1.23076,1500000.0,3750000.0,2018-03-29T12:48:24.311000Z
1.2307299999999999,1.23076,5510000.2289,1000000.0,2018-03-29T12:48:24.860000Z
1.2307299999999999,1.23076,6070000.1717,1000000.0,2018-03-29T12:48:25.411000Z
1.23075,1.2307700000000001,1250000.0,1500000.0,2018-03-29T12:48:27.902000Z
1.23075,1.2307700000000001,1389999.9857,2059999.9428,2018-03-29T12:48:28.405000Z
1.23076,1.23078,1000000.0,1570000.0525,2018-03-29T12:48:30.097000Z
1.23076,1.23078,1000000.0,1100000.0238,2018-03-29T12:48:30.797000Z
1.23076,1.23079,1000000.0,3369999.8856,2018-03-29T12:48:31.307000Z
1.23078,1.2308000000000001,1000000.0,5699999.8093,2018-03-29T12:48:32.190000Z
1.23078,1.2308000000000001,1100000.0238,1500000.0,2018-03-29T12:48:32.704000Z
1.23078,1.2308100000000002,1100000.0238,1009999.9905,2018-03-29T12:48:33.448000Z
1.23078,1.2308100000000002,8109999.6567,1009999.9905,2018-03-29T12:48:33.972000Z
1.23079,1.2308100000000002,1120000.0048,1289999.9619,2018-03-29T12:48:34.493000Z
1.23082,1.23084,6489999.7711,2809999.9428,2018-03-29T12:48:37.495000Z
1.23085,1.2308700000000001,1500000.0,1570000.0525,2018-03-29T12:48:37.547000Z
1.23085,1.23088,6190000.0572,1000000.0,2018-03-29T12:48:38.075000Z
1.23086,1.23088,1309999.9428,1440000.0572,2018-03-29T12:48:39.945000Z
1.23086,1.23088,1000000.0,1200000.0477,2018-03-29T12:48:40.888000Z
1.23088,1.2309,2250000.0,1460000.0381,2018-03-29T12:48:40.991000Z
1.23089,1.2309200000000002,1000000.0,1870000.0048,2018-03-29T12:48:41.145000Z
1.23089,1.2309200000000002,1000000.0,3640000.1049,2018-03-29T12:48:42.125000Z
1.23086,1.23089,9039999.9619,1250000.0,2018-03-29T12:48:42.229000Z
1.2308700000000001,1.23089,1690000.0572,1200000.0477,2018-03-29T12:48:43.933000Z
1.23088,1.2309100000000002,1000000.0,3190000.0572,2018-03-29T12:48:44.439000Z
1.23086,1.23088,9069999.6948,1000000.0,2018-03-29T12:48:44.927000Z
1.23085,1.2308700000000001,2140000.1049,1000000.0,2018-03-29T12:48:45.235000Z
1.23085,1.23088,2059999.9428,1100000.0238,2018-03-29T12:48:46.046000Z
1.23086,1.23088,1309999.9428,2250000.0,2018-03-29T12:48:46.642000Z
1.23084,1.23086,1000000.0,2849999.9046,2018-03-29T12:48:48.741000Z
1.23083,1.23085,1690000.0572,1870000.0048,2018-03-29T12:48:48.846000Z
1.23084,1.2308700000000001,1000000.0,3259999.9905,2018-03-29T12:48:49.366000Z
1.23085,1.2308700000000001,1000000.0,3369999.8856,2018-03-29T12:48:50.824000Z
1.2308700000000001,1.23089,1500000.0,4389999.8665,2018-03-29T12:48:51.002000Z
1.23083,1.23085,3259999.9905,2119999.8856,2018-03-29T12:48:51.471000Z
1.2308100000000002,1.23084,2250000.0,1120000.0048,2018-03-29T12:48:51.731000Z
1.23082,1.23086,1500000.0,4010000.2289,2018-03-29T12:48:52.841000Z
1.23084,1.23086,2119999.8856,2319999.9332,2018-03-29T12:48:53.536000Z
1.2308700000000001,1.23089,6369999.8856,4389999.8665,2018-03-29T12:48:53.642000Z
1.23088,1.2309100000000002,1500000.0,1759999.9905,2018-03-29T12:48:53.748000Z
1.23088,1.2309100000000002,3000000.0,3640000.1049,2018-03-29T12:48:54.276000Z
1.23088,1.2309,2059999.9428,1909999.9666,2018-03-29T12:48:55.209000Z
1.23086,1.23088,1500000.0,1289999.9619,2018-03-29T12:48:55.576000Z
1.23085,1.23088,1690000.0572,1120000.0048,2018-03-29T12:48:55.730000Z
1.23084,1.2308700000000001,2619999.8856,1250000.0,2018-03-29T12:48:56.248000Z
1.23084,1.2308700000000001,2619999.8856,1000000.0,2018-03-29T12:48:56.780000Z
1.23088,1.23089,1000000.0,1000000.0,2018-03-29T12:48:57.062000Z
1.2308700000000001,1.23089,1000000.0,1500000.0,2018-03-29T12:48:57.565000Z
1.23086,1.23089,3369999.8856,1000000.0,2018-03-29T12:48:58.081000Z
1.2308700000000001,1.23089,1120000.0048,2809999.9428,2018-03-29T12:48:58.643000Z
1.23086,1.23089,2319999.9332,1389999.9857,2018-03-29T12:48:59.182000Z
1.23086,1.23089,1690000.0572,2700000.0477,2018-03-29T12:48:59.685000Z
1.23086,1.23089,1309999.9428,4570000.1717,2018-03-29T12:49:00.204000Z
1.23085,1.2308700000000001,3000000.0,1000000.0,2018-03-29T12:49:00.780000Z
1.23085,1.2308700000000001,2250000.0,1000000.0,2018-03-29T12:49:01.308000Z
1.23086,1.2308700000000001,1000000.0,1000000.0,2018-03-29T12:49:01.856000Z
1.23085,1.2308700000000001,3190000.0572,1000000.0,2018-03-29T12:49:02.378000Z
1.23085,1.23089,3940000.0572,3640000.1049,2018-03-29T12:49:02.914000Z
1.23086,1.23089,3190000.0572,3750000.0,2018-03-29T12:49:03.447000Z
1.2308700000000001,1.2309,1950000.0477,1570000.0525,2018-03-29T12:49:04.013000Z
1.23088,1.2309200000000002,1570000.0525,6260000.2289,2018-03-29T12:49:04.337000Z
1.23089,1.2309100000000002,1000000.0,1120000.0048,2018-03-29T12:49:04.869000Z
1.2308700000000001,1.23089,4869999.8856,1120000.0048,2018-03-29T12:49:06.723000Z
1.2308700000000001,1.23088,1250000.0,1200000.0477,2018-03-29T12:49:07.258000Z
1.23086,1.23088,1309999.9428,1570000.0525,2018-03-29T12:49:08.704000Z
1.23085,1.23088,3559999.9428,1120000.0048,2018-03-29T12:49:09.384000Z
1.23083,1.23085,1950000.0477,3369999.8856,2018-03-29T12:49:10.702000Z
1.2308100000000002,1.23085,2440000.0572,4760000.2289,2018-03-29T12:49:10.754000Z
1.23083,1.23084,1000000.0,1000000.0,2018-03-29T12:49:11.395000Z
1.23085,1.2308700000000001,1000000.0,1500000.0,2018-03-29T12:49:11.708000Z
1.23085,1.2308700000000001,1000000.0,1000000.0,2018-03-29T12:49:12.783000Z
1.23083,1.23085,1200000.0477,2059999.9428,2018-03-29T12:49:13.520000Z
1.23082,1.23085,2059999.9428,4119999.8856,2018-03-29T12:49:14.840000Z
1.23082,1.23084,1000000.0,1870000.0048,2018-03-29T12:49:16.281000Z
1.2308100000000002,1.23084,5440000.0572,4500000.0,2018-03-29T12:49:16.385000Z
1.23083,1.23085,2250000.0,1500000.0,2018-03-29T12:49:16.593000Z
1.23085,1.23088,8510000.2289,1000000.0,2018-03-29T12:49:16.896000Z
1.23085,1.23088,3259999.9905,1000000.0,2018-03-29T12:49:17.450000Z
1.23086,1.23088,2619999.8856,1000000.0,2018-03-29T12:49:17.983000Z
1.23085,1.23089,4949999.8093,1370000.0048,2018-03-29T12:49:18.500000Z
1.2308700000000001,1.2309,3000000.0,2019999.9809,2018-03-29T12:49:18.948000Z
1.2308700000000001,1.2309100000000002,6369999.8856,6260000.2289,2018-03-29T12:49:19.467000Z
1.23088,1.2309,1000000.0,1250000.0,2018-03-29T12:49:24.309000Z
1.23088,1.2309200000000002,1570000.0525,4309999.9428,2018-03-29T12:49:24.838000Z
1.23088,1.2309200000000002,2509999.9905,1250000.0,2018-03-29T12:49:25.491000Z
1.23088,1.2309200000000002,3670000.0763,2440000.0572,2018-03-29T12:49:25.997000Z
1.2309100000000002,1.23095,6599999.9046,8140000.3433,2018-03-29T12:49:26.443000Z
1.23093,1.23095,1120000.0048,1250000.0,2018-03-29T12:49:26.751000Z
1.2309200000000002,1.23095,2809999.9428,8890000.3433,2018-03-29T12:49:27.266000Z
1.2309100000000002,1.23093,1250000.0,1309999.9428,2018-03-29T12:49:27.807000Z
1.2309200000000002,1.23094,1250000.0,2700000.0477,2018-03-29T12:49:28.537000Z
1.2309100000000002,1.23095,1690000.0572,2019999.9809,2018-03-29T12:49:28.744000Z
1.2309100000000002,1.23094,2440000.0572,3559999.9428,2018-03-29T12:49:28.848000Z
1.2309200000000002,1.23095,1250000.0,16569999.6948,2018-03-29T12:49:29.894000Z
1.23089,1.23093,4989999.7711,2619999.8856,2018-03-29T12:49:29.998000Z
1.23088,1.2309100000000002,2890000.1049,2890000.1049,2018-03-29T12:49:30.205000Z
1.23088,1.2309100000000002,2319999.9332,1100000.0238,2018-03-29T12:49:30.513000Z
1.23089,1.2309200000000002,1000000.0,8329999.9237,2018-03-29T12:49:31.377000Z
1.23089,1.2309200000000002,1500000.0,1870000.0048,2018-03-29T12:49:34.834000Z
1.2309,1.2309200000000002,1000000.0,4010000.2289,2018-03-29T12:49:35.392000Z
1.23089,1.2309200000000002,2250000.0,1320000.0525,2018-03-29T12:49:36.257000Z
1.23089,1.23093,2250000.0,12489999.7711,2018-03-29T12:49:37.255000Z
1.2309,1.2309200000000002,1000000.0,1200000.0477,2018-03-29T12:49:38.089000Z
1.23088,1.23089,1759999.9905,1500000.0,2018-03-29T12:49:38.295000Z
1.2308100000000002,1.23083,1500000.0,4909999.8474,2018-03-29T12:49:38.607000Z
1.23079,1.23082,1250000.0,1870000.0048,2018-03-29T12:49:38.814000Z
1.23079,1.2308100000000002,1250000.0,3069999.9332,2018-03-29T12:49:39.822000Z
1.23079,1.23082,1250000.0,2140000.1049,2018-03-29T12:49:40.347000Z
1.2308000000000001,1.23082,1250000.0,1100000.0238,2018-03-29T12:49:41.653000Z
1.23079,1.23083,1250000.0,1950000.0477,2018-03-29T12:49:42.257000Z
1.2308000000000001,1.23083,1250000.0,7010000.2289,2018-03-29T12:49:44.862000Z
1.23079,1.23083,2140000.1049,3069999.9332,2018-03-29T12:49:45.373000Z
1.2308000000000001,1.23083,1250000.0,2319999.9332,2018-03-29T12:49:45.887000Z
1.23079,1.23083,1389999.9857,1759999.9905,2018-03-29T12:49:46.483000Z
1.2308000000000001,1.23083,1000000.0,2509999.9905,2018-03-29T12:49:47.025000Z
1.2308000000000001,1.23083,1000000.0,1309999.9428,2018-03-29T12:49:47.652000Z
1.23083,1.23084,1000000.0,1100000.0238,2018-03-29T12:49:48.046000Z
1.23084,1.23086,1690000.0572,1870000.0048,2018-03-29T12:49:48.155000Z
1.23084,1.2308700000000001,4570000.1717,1200000.0477,2018-03-29T12:49:48.842000Z
1.23084,1.2308700000000001,3450000.0477,1200000.0477,2018-03-29T12:49:49.801000Z
1.23085,1.23088,2700000.0477,1950000.0477,2018-03-29T12:49:52.362000Z
1.23084,1.23086,2059999.9428,2059999.9428,2018-03-29T12:49:56.757000Z
1.23079,1.23082,1200000.0477,1759999.9905,2018-03-29T12:49:57.018000Z
1.2308000000000001,1.23084,4199999.8093,1200000.0477,2018-03-29T12:49:57.225000Z
1.2308000000000001,1.23084,11250000.0,1120000.0048,2018-03-29T12:49:57.904000Z
1.2308100000000002,1.23084,1500000.0,1120000.0048,2018-03-29T12:49:58.467000Z
1.23085,1.23088,1250000.0,3819999.9332,2018-03-29T12:49:58.793000Z
1.23084,1.23085,1309999.9428,1000000.0,2018-03-29T12:49:59.259000Z
1.2308000000000001,1.23083,1500000.0,3259999.9905,2018-03-29T12:49:59.540000Z
1.2308100000000002,1.23083,1000000.0,3859999.8951,2018-03-29T12:50:00.376000Z
1.2308000000000001,1.23083,1250000.0,1100000.0238,2018-03-29T12:50:01.144000Z
1.23083,1.23086,1370000.0048,1759999.9905,2018-03-29T12:50:01.445000Z
1.23082,1.23085,3819999.9332,1120000.0048,2018-03-29T12:50:01.500000Z
1.2308100000000002,1.23084,1000000.0,6449999.8093,2018-03-29T12:50:02.021000Z
1.23082,1.23084,3369999.8856,4119999.8856,2018-03-29T12:50:03.075000Z
1.23084,1.23086,1100000.0238,1120000.0048,2018-03-29T12:50:03.228000Z
1.23083,1.2308700000000001,7460000.0381,1500000.0,2018-03-29T12:50:04.605000Z
1.23083,1.23088,4949999.8093,4010000.2289,2018-03-29T12:50:06.204000Z
1.23085,1.23088,1120000.0048,5139999.8665,2018-03-29T12:50:06.789000Z
1.23083,1.23088,7650000.0954,4389999.8665,2018-03-29T12:50:07.570000Z
1.23086,1.23088,1120000.0048,6449999.8093,2018-03-29T12:50:08.323000Z
1.23085,1.2308700000000001,1309999.9428,1120000.0048,2018-03-29T12:50:09.479000Z
1.2308100000000002,1.23084,1250000.0,3819999.9332,2018-03-29T12:50:09.781000Z
1.23084,1.23086,1250000.0,3069999.9332,2018-03-29T12:50:10.122000Z
1.23083,1.23086,2059999.9428,4010000.2289,2018-03-29T12:50:10.639000Z
1.23084,1.23086,1250000.0,4949999.8093,2018-03-29T12:50:11.157000Z
1.23083,1.23086,1500000.0,4760000.2289,2018-03-29T12:50:11.692000Z
1.23084,1.23086,1250000.0,2700000.0477,2018-03-29T12:50:12.436000Z
1.23083,1.23086,1690000.0572,2509999.9905,2018-03-29T12:50:13.019000Z
1.23084,1.23086,1309999.9428,1870000.0048,2018-03-29T12:50:13.704000Z
1.23082,1.23083,1759999.9905,1500000.0,2018-03-29T12:50:14.629000Z
1.2307700000000001,1.23079,1120000.0048,1100000.0238,2018-03-29T12:50:14.783000Z
1.23076,1.2307700000000001,2059999.9428,1250000.0,2018-03-29T12:50:15.193000Z
1.23076,1.23078,3869999.8856,3259999.9905,2018-03-29T12:50:16.923000Z
1.23076,1.2307700000000001,2250000.0,1250000.0,2018-03-29T12:50:17.635000Z
1.2307700000000001,1.23078,1250000.0,2059999.9428,2018-03-29T12:50:18.151000Z
1.23078,1.23079,1500000.0,2319999.9332,2018-03-29T12:50:18.204000Z
1.23078,1.2308100000000002,10500000.0,1690000.0572,2018-03-29T12:50:18.256000Z
1.2308000000000001,1.23083,1570000.0525,2920000.0763,2018-03-29T12:50:22.958000Z
1.2308000000000001,1.23083,2960000.0381,2319999.9332,2018-03-29T12:50:23.010000Z
1.23083,1.23085,1500000.0,3069999.9332,2018-03-29T12:50:23.373000Z
1.23083,1.23085,1250000.0,1759999.9905,2018-03-29T12:50:25.184000Z
1.23083,1.23085,1500000.0,3000000.0,2018-03-29T12:50:26.296000Z
1.23082,1.23084,1120000.0048,1570000.0525,2018-03-29T12:50:29.124000Z
1.23083,1.23085,1250000.0,4949999.8093,2018-03-29T12:50:29.691000Z
1.23083,1.23086,3190000.0572,2319999.9332,2018-03-29T12:50:30.211000Z
1.23086,1.2308700000000001,2250000.0,1389999.9857,2018-03-29T12:50:31.397000Z
1.2308700000000001,1.23088,1250000.0,1000000.0,2018-03-29T12:50:31.610000Z
1.23084,1.23088,5139999.8665,2059999.9428,2018-03-29T12:50:32.443000Z
1.23086,1.2308700000000001,1250000.0,1500000.0,2018-03-29T12:50:32.956000Z
1.23085,1.2308700000000001,1250000.0,2319999.9332,2018-03-29T12:50:34.026000Z
1.23084,1.2308700000000001,4119999.8856,4570000.1717,2018-03-29T12:50:34.847000Z
1.23085,1.2308700000000001,1000000.0,1009999.9905,2018-03-29T12:50:37.006000Z
1.23085,1.2308700000000001,1000000.0,1759999.9905,2018-03-29T12:50:39.275000Z
1.23084,1.2308700000000001,30370000.8392,1759999.9905,2018-03-29T12:50:39.328000Z
1.23086,1.23088,1000000.0,3640000.1049,2018-03-29T12:50:39.432000Z
1.23086,1.23089,1000000.0,8510000.2289,2018-03-29T12:50:41.256000Z
1.23086,1.23088,1000000.0,4760000.2289,2018-03-29T12:50:41.778000Z
1.23085,1.2308700000000001,1000000.0,3819999.9332,2018-03-29T12:50:43.051000Z
1.23082,1.23083,10760000.2289,2250000.0,2018-03-29T12:50:46.393000Z
1.23079,1.23082,4760000.2289,1100000.0238,2018-03-29T12:50:46.577000Z
1.23079,1.2308000000000001,3940000.0572,1000000.0,2018-03-29T12:50:46.684000Z
1.2308000000000001,1.23082,1500000.0,2740000.0095,2018-03-29T12:50:46.737000Z
1.2308000000000001,1.23082,1000000.0,2700000.0477,2018-03-29T12:50:47.249000Z
1.23082,1.23084,2809999.9428,3640000.1049,2018-03-29T12:50:47.352000Z
1.23082,1.23085,4869999.8856,3940000.0572,2018-03-29T12:50:47.610000Z
1.2308000000000001,1.23083,2319999.9332,1000000.0,2018-03-29T12:50:47.714000Z
1.23083,1.23084,1870000.0048,1000000.0,2018-03-29T12:50:48.024000Z
1.23083,1.23085,2059999.9428,1950000.0477,2018-03-29T12:50:48.558000Z
1.23084,1.23086,1250000.0,1690000.0572,2018-03-29T12:50:49.089000Z
1.23083,1.23085,2059999.9428,1120000.0048,2018-03-29T12:50:49.903000Z
1.23084,1.23085,1250000.0,1000000.0,2018-03-29T12:50:51.136000Z
1.23083,1.2308700000000001,5059999.9428,8319999.6948,2018-03-29T12:50:51.393000Z
1.23083,1.23085,1250000.0,1870000.0048,2018-03-29T12:50:51.496000Z
1.23084,1.23086,1250000.0,1620000.0048,2018-03-29T12:50:52.016000Z
1.23084,1.23086,1690000.0572,1309999.9428,2018-03-29T12:50:52.662000Z
1.23083,1.23086,5619999.8856,2250000.0,2018-03-29T12:50:58.356000Z
1.23083,1.23085,6559999.9428,2250000.0,2018-03-29T12:50:58.864000Z
1.23083,1.23086,5809999.9428,1299999.9523,2018-03-29T12:50:59.401000Z
1.23083,1.2308700000000001,6559999.9428,2920000.0763,2018-03-29T12:50:59.972000Z
1.23084,1.2308700000000001,2440000.0572,4389999.8665,2018-03-29T12:51:00.476000Z
1.23084,1.23086,2440000.0572,1000000.0,2018-03-29T12:51:01.397000Z
1.23084,1.2308700000000001,3000000.0,1299999.9523,2018-03-29T12:51:01.942000Z
1.23084,1.2308700000000001,1000000.0,1799999.9523,2018-03-29T12:51:02.446000Z
1.23084,1.2308700000000001,3190000.0572,1990000.0095,2018-03-29T12:51:02.983000Z
1.23083,1.2308700000000001,6190000.0572,1240000.0095,2018-03-29T12:51:04.530000Z
1.23084,1.2308700000000001,2440000.0572,2740000.0095,2018-03-29T12:51:05.084000Z
1.23083,1.2308700000000001,5619999.8856,2549999.9523,2018-03-29T12:51:05.610000Z
1.23084,1.2308700000000001,2440000.0572,1240000.0095,2018-03-29T12:51:06.496000Z
1.23083,1.2308700000000001,5809999.9428,3710000.0381,2018-03-29T12:51:07.947000Z
1.23083,1.23086,5809999.9428,1000000.0,2018-03-29T12:51:08.834000Z
1.23083,1.2308700000000001,5059999.9428,3299999.9523,2018-03-29T12:51:09.418000Z
1.23084,1.2308700000000001,2440000.0572,4989999.7711,2018-03-29T12:51:11.257000Z
1.23083,1.2308700000000001,6190000.0572,3670000.0763,2018-03-29T12:51:11.776000Z
1.23084,1.2308700000000001,1250000.0,3859999.8951,2018-03-29T12:51:12.311000Z
1.23085,1.2308700000000001,1000000.0,1950000.0477,2018-03-29T12:51:13.405000Z
1.23084,1.2308700000000001,1500000.0,2700000.0477,2018-03-29T12:51:13.963000Z
1.23084,1.2308700000000001,3940000.0572,1120000.0048,2018-03-29T12:51:14.720000Z
1.23084,1.23085,2440000.0572,5059999.9428,2018-03-29T12:51:15.031000Z
1.2308100000000002,1.23082,1690000.0572,1299999.9523,2018-03-29T12:51:15.256000Z
1.2308000000000001,1.23082,1690000.0572,1440000.0572,2018-03-29T12:51:15.780000Z
1.2308000000000001,1.23082,1250000.0,1500000.0,2018-03-29T12:51:16.369000Z
1.2308100000000002,1.23083,1250000.0,15859999.6567,2018-03-29T12:51:19.080000Z
1.23082,1.23083,8250000.0,2920000.0763,2018-03-29T12:51:19.739000Z
1.23084,1.23085,2809999.9428,1000000.0,2018-03-29T12:51:20.060000Z
1.2308000000000001,1.23084,10010000.2289,3369999.8856,2018-03-29T12:51:20.266000Z
1.2308100000000002,1.23083,10119999.8856,1570000.0525,2018-03-29T12:51:20.769000Z
1.23082,1.23083,1250000.0,1100000.0238,2018-03-29T12:51:21.299000Z
1.23082,1.23084,1250000.0,3259999.9905,2018-03-29T12:51:21.982000Z
1.2308000000000001,1.23082,2440000.0572,1570000.0525,2018-03-29T12:51:23.051000Z
1.2308000000000001,1.23082,1250000.0,1759999.9905,2018-03-29T12:51:23.587000Z
1.2308000000000001,1.23082,1250000.0,1759999.9905,2018-03-29T12:51:24.090000Z
1.2308000000000001,1.23082,1250000.0,3640000.1049,2018-03-29T12:51:24.649000Z
1.2308000000000001,1.23082,1250000.0,2700000.0477,2018-03-29T12:51:25.293000Z
1.23079,1.23082,1309999.9428,1950000.0477,2018-03-29T12:51:25.944000Z
1.2308000000000001,1.23082,2619999.8856,1950000.0477,2018-03-29T12:51:30.487000Z
1.2308000000000001,1.23082,1250000.0,2700000.0477,2018-03-29T12:51:31.166000Z
1.2308100000000002,1.23083,1000000.0,3450000.0477,2018-03-29T12:51:32.292000Z
1.23082,1.23083,1250000.0,1100000.0238,2018-03-29T12:51:32.817000Z
1.23083,1.23085,1120000.0048,1200000.0477,2018-03-29T12:51:33.329000Z
1.23084,1.2308700000000001,4869999.8856,1950000.0477,2018-03-29T12:51:33.645000Z
1.23085,1.2308700000000001,1690000.0572,1570000.0525,2018-03-29T12:51:34.165000Z
1.23086,1.23088,1250000.0,1389999.9857,2018-03-29T12:51:35.012000Z
1.23086,1.2308700000000001,1250000.0,1100000.0238,2018-03-29T12:51:35.564000Z
1.23086,1.23088,1250000.0,1389999.9857,2018-03-29T12:51:36.080000Z
1.23086,1.2308700000000001,1250000.0,1100000.0238,2018-03-29T12:51:36.635000Z
1.23088,1.23089,1000000.0,1570000.0525,2018-03-29T12:51:37.826000Z
1.2308700000000001,1.2309100000000002,7159999.8474,1100000.0238,2018-03-29T12:51:37.985000Z
1.2308700000000001,1.2309,1500000.0,4309999.9428,2018-03-29T12:51:38.805000Z
1.2308700000000001,1.2309,2440000.0572,4119999.8856,2018-03-29T12:51:38.909000Z
1.2308700000000001,1.23089,1500000.0,1000000.0,2018-03-29T12:51:38.962000Z
1.23086,1.23089,1120000.0048,1100000.0238,2018-03-29T12:51:39.484000Z
1.2308700000000001,1.23089,1000000.0,1500000.0,2018-03-29T12:51:40.164000Z
1.2308700000000001,1.23089,1309999.9428,4010000.2289,2018-03-29T12:51:41.556000Z
1.23086,1.23089,1000000.0,4800000.1907,2018-03-29T12:51:43.667000Z
1.23088,1.23089,1500000.0,3450000.0477,2018-03-29T12:51:44.169000Z
1.2308700000000001,1.2309,1309999.9428,1389999.9857,2018-03-29T12:51:44.700000Z
1.2308700000000001,1.23088,1250000.0,2849999.9046,2018-03-29T12:51:46.513000Z
1.23086,1.23088,1250000.0,2740000.0095,2018-03-29T12:51:47.156000Z
1.23084,1.23086,1120000.0048,3000000.0,2018-03-29T12:51:47.210000Z
1.2308100000000002,1.23084,13390000.3433,2250000.0,2018-03-29T12:51:47.652000Z
1.23083,1.23084,1250000.0,2319999.9332,2018-03-29T12:51:48.194000Z
1.23082,1.23085,1250000.0,15109999.6567,2018-03-29T12:51:48.748000Z
1.2308100000000002,1.23083,1690000.0572,1000000.0,2018-03-29T12:51:49.059000Z
1.23082,1.23083,1250000.0,2289999.9619,2018-03-29T12:51:49.636000Z
1.2308100000000002,1.23082,1250000.0,5619999.8856,2018-03-29T12:51:49.962000Z
1.2308100000000002,1.23082,1250000.0,1200000.0477,2018-03-29T12:51:50.527000Z
1.2308100000000002,1.23083,1250000.0,6489999.7711,2018-03-29T12:51:51.131000Z
1.23079,1.23082,7119999.8856,1100000.0238,2018-03-29T12:51:51.234000Z
1.2308100000000002,1.23083,1000000.0,1200000.0477,2018-03-29T12:51:51.718000Z
1.23082,1.23084,2750000.0,6639999.8665,2018-03-29T12:51:52.232000Z
1.2308100000000002,1.23082,1250000.0,1000000.0,2018-03-29T12:51:52.770000Z
1.2308100000000002,1.23083,1250000.0,4050000.1907,2018-03-29T12:51:53.277000Z
1.2308100000000002,1.23082,1250000.0,1690000.0572,2018-03-29T12:51:54.321000Z
1.2308000000000001,1.23083,1309999.9428,5889999.8665,2018-03-29T12:51:54.426000Z
1.2308100000000002,1.23083,1250000.0,9670000.0763,2018-03-29T12:51:55.406000Z
1.2308100000000002,1.23082,1250000.0,2549999.9523,2018-03-29T12:51:55.943000Z
1.2308100000000002,1.23083,1250000.0,13420000.0763,2018-03-29T12:51:57.108000Z
1.2308100000000002,1.23083,1250000.0,4610000.1335,2018-03-29T12:51:57.774000Z
1.23082,1.23083,1120000.0048,1000000.0,2018-03-29T12:51:58.288000Z
1.23083,1.23085,1000000.0,3069999.9332,2018-03-29T12:51:58.493000Z
1.23085,1.23086,2250000.0,1870000.0048,2018-03-29T12:51:58.545000Z
1.23085,1.23088,1309999.9428,4199999.8093,2018-03-29T12:51:58.695000Z
1.23084,1.2308700000000001,9069999.6948,1000000.0,2018-03-29T12:51:59.677000Z
1.23085,1.2308700000000001,2809999.9428,1000000.0,2018-03-29T12:52:00.179000Z
1.23085,1.23088,1309999.9428,3089999.9142,2018-03-29T12:52:00.714000Z
1.23085,1.23088,2809999.9428,2059999.9428,2018-03-29T12:52:02.265000Z
1.23086,1.23088,1200000.0477,3750000.0,2018-03-29T12:52:03.350000Z
1.2308700000000001,1.23088,1250000.0,3940000.0572,2018-03-29T12:52:04.228000Z
1.2308700000000001,1.23088,1250000.0,4690000.0572,2018-03-29T12:52:04.737000Z
1.2308700000000001,1.23088,1250000.0,3190000.0572,2018-03-29T12:52:05.256000Z
1.23086,1.23088,1500000.0,3750000.0,2018-03-29T12:52:05.999000Z
1.23086,1.2308700000000001,1500000.0,1000000.0,2018-03-29T12:52:06.537000Z
1.23086,1.23088,1500000.0,3750000.0,2018-03-29T12:52:07.184000Z
1.23086,1.2308700000000001,1570000.0525,1500000.0,2018-03-29T12:52:07.711000Z
1.23086,1.23088,1570000.0525,6599999.9046,2018-03-29T12:52:08.220000Z
1.23086,1.2308700000000001,1570000.0525,1500000.0,2018-03-29T12:52:08.887000Z
1.23086,1.23088,1570000.0525,6599999.9046,2018-03-29T12:52:10.295000Z
1.23086,1.2308700000000001,1389999.9857,1500000.0,2018-03-29T12:52:11.157000Z
1.23086,1.23088,1309999.9428,8170000.0763,2018-03-29T12:52:11.811000Z
1.23086,1.2308700000000001,1309999.9428,1000000.0,2018-03-29T12:52:12.532000Z
1.23086,1.23088,1309999.9428,5920000.0763,2018-03-29T12:52:13.220000Z
1.23086,1.2308700000000001,1309999.9428,1000000.0,2018-03-29T12:52:14.041000Z
1.23086,1.23088,1309999.9428,4349999.9046,2018-03-29T12:52:14.588000Z
1.23086,1.2308700000000001,1309999.9428,1000000.0,2018-03-29T12:52:15.120000Z
1.23086,1.23088,1309999.9428,4349999.9046,2018-03-29T12:52:15.624000Z
1.23086,1.2308700000000001,1500000.0,1000000.0,2018-03-29T12:52:16.197000Z
1.23086,1.23088,1500000.0,4349999.9046,2018-03-29T12:52:16.764000Z
1.2308700000000001,1.23088,1000000.0,8100000.3815,2018-03-29T12:52:17.952000Z
1.23089,1.2309,1250000.0,2440000.0572,2018-03-29T12:52:18.267000Z
1.23088,1.23089,1120000.0048,1000000.0,2018-03-29T12:52:18.372000Z
1.23089,1.2309,1000000.0,1000000.0,2018-03-29T12:52:18.425000Z
1.23088,1.23089,2440000.0572,1000000.0,2018-03-29T12:52:19.051000Z
1.23089,1.2309,1000000.0,1000000.0,2018-03-29T12:52:19.595000Z
1.23088,1.2309,3559999.9428,1000000.0,2018-03-29T12:52:20.932000Z
1.23089,1.2309,1000000.0,1120000.0048,2018-03-29T12:52:21.479000Z
1.23088,1.2309,4309999.9428,1000000.0,2018-03-29T12:52:23.432000Z
1.23089,1.2309100000000002,1500000.0,1870000.0048,2018-03-29T12:52:23.484000Z
1.2309200000000002,1.23093,1120000.0048,7800000.1907,2018-03-29T12:52:23.536000Z
1.2309200000000002,1.23093,1250000.0,1120000.0048,2018-03-29T12:52:24.052000Z
1.2309200000000002,1.23094,1000000.0,5849999.9046,2018-03-29T12:52:24.573000Z
1.23093,1.23095,1500000.0,4119999.8856,2018-03-29T12:52:25.031000Z
1.23093,1.23096,1309999.9428,1720000.0286,2018-03-29T12:52:26.071000Z
1.23094,1.2309700000000001,1200000.0477,2740000.0095,2018-03-29T12:52:26.615000Z
1.23094,1.23095,1000000.0,1000000.0,2018-03-29T12:52:27.329000Z
1.23094,1.23096,1000000.0,3220000.0286,2018-03-29T12:52:28.268000Z
1.23095,1.2309700000000001,1000000.0,3000000.0,2018-03-29T12:52:36.067000Z
1.23095,1.23098,1009999.9905,2619999.8856,2018-03-29T12:52:36.596000Z
1.23095,1.23098,3559999.9428,1200000.0477,2018-03-29T12:52:39.347000Z
1.23095,1.23099,5059999.9428,6300000.1907,2018-03-29T12:52:40.058000Z
1.23095,1.23098,5809999.9428,1190000.0572,2018-03-29T12:52:40.109000Z
1.23088,1.23089,1690000.0572,1120000.0048,2018-03-29T12:52:40.440000Z
1.2308700000000001,1.23089,1250000.0,11850000.3815,2018-03-29T12:52:40.957000Z
1.23086,1.23088,2059999.9428,1299999.9523,2018-03-29T12:52:41.266000Z
1.2308700000000001,1.23089,1000000.0,2250000.0,2018-03-29T12:52:42.746000Z
1.23089,1.2309,1000000.0,1000000.0,2018-03-29T12:52:43.119000Z
1.23089,1.2309100000000002,1500000.0,1309999.9428,2018-03-29T12:52:44.466000Z
1.23089,1.2309,1000000.0,1100000.0238,2018-03-29T12:52:44.984000Z
1.23089,1.2309100000000002,1000000.0,2920000.0763,2018-03-29T12:52:45.887000Z
1.23089,1.2309,1500000.0,1000000.0,2018-03-29T12:52:50.747000Z
1.23089,1.2309100000000002,1000000.0,2170000.0763,2018-03-29T12:52:51.274000Z
1.2309,1.2309200000000002,3220000.0286,3069999.9332,2018-03-29T12:52:53.555000Z
1.2309,1.2309200000000002,1009999.9905,1000000.0,2018-03-29T12:52:54.065000Z
1.2309100000000002,1.23093,1100000.0238,1120000.0048,2018-03-29T12:52:54.805000Z
1.2309200000000002,1.23095,1000000.0,5699999.8093,2018-03-29T12:52:54.907000Z
1.23093,1.23095,1500000.0,3450000.0477,2018-03-29T12:52:55.431000Z
1.23094,1.23095,1000000.0,1000000.0,2018-03-29T12:52:55.948000Z
1.23094,1.23096,1870000.0048,1250000.0,2018-03-29T12:52:56.474000Z
1.23095,1.23098,1570000.0525,4869999.8856,2018-03-29T12:52:56.983000Z
1.23095,1.2309700000000001,2809999.9428,7349999.9046,2018-03-29T12:52:57.519000Z
1.23095,1.2309700000000001,2619999.8856,4909999.8474,2018-03-29T12:52:58.204000Z
1.23095,1.2309700000000001,2809999.9428,7349999.9046,2018-03-29T12:52:58.750000Z
1.23095,1.2309700000000001,1500000.0,3970000.0286,2018-03-29T12:52:59.866000Z
1.23095,1.2309700000000001,2440000.0572,6219999.7902,2018-03-29T12:53:00.395000Z
1.23095,1.2309700000000001,1000000.0,3789999.9619,2018-03-29T12:53:01.140000Z
1.23095,1.23096,1000000.0,1000000.0,2018-03-29T12:53:02.013000Z
1.23095,1.2309700000000001,1000000.0,4349999.9046,2018-03-29T12:53:04.804000Z
1.23096,1.23098,1500000.0,3750000.0,2018-03-29T12:53:05.785000Z
1.23095,1.2309700000000001,1309999.9428,2250000.0,2018-03-29T12:53:05.838000Z
1.23095,1.2309700000000001,1309999.9428,3039999.9619,2018-03-29T12:53:08.287000Z
1.23094,1.2309700000000001,5889999.8665,2099999.9046,2018-03-29T12:53:08.812000Z
1.23096,1.2309700000000001,1000000.0,1120000.0048,2018-03-29T12:53:09.361000Z
1.23095,1.23096,1000000.0,1000000.0,2018-03-29T12:53:10.573000Z
1.23095,1.23096,1000000.0,1350000.0238,2018-03-29T12:53:11.972000Z
1.23095,1.2309700000000001,1000000.0,3039999.9619,2018-03-29T12:53:15.504000Z
1.23095,1.2309700000000001,1690000.0572,3039999.9619,2018-03-29T12:53:16.261000Z
1.23093,1.23095,4760000.2289,3250000.0,2018-03-29T12:53:16.642000Z
1.23094,1.23096,1000000.0,2619999.8856,2018-03-29T12:53:16.799000Z
1.23093,1.23095,1200000.0477,1500000.0,2018-03-29T12:53:18.793000Z
1.23093,1.23096,1200000.0477,6000000.0,2018-03-29T12:53:19.592000Z
1.23093,1.23095,3450000.0477,1000000.0,2018-03-29T12:53:20.347000Z
1.23093,1.23096,1200000.0477,2250000.0,2018-03-29T12:53:22.319000Z
1.2309200000000002,1.23096,6449999.8093,1500000.0,2018-03-29T12:53:22.855000Z
1.23093,1.23096,1000000.0,2250000.0,2018-03-29T12:53:23.855000Z
1.23093,1.23095,2250000.0,1000000.0,2018-03-29T12:53:24.387000Z
1.23093,1.23095,3640000.1049,8810000.4196,2018-03-29T12:53:24.934000Z
1.2309100000000002,1.23093,1250000.0,1870000.0048,2018-03-29T12:53:25.141000Z
1.2309100000000002,1.2309200000000002,1000000.0,1500000.0,2018-03-29T12:53:26.426000Z
1.2309,1.2309200000000002,1690000.0572,2099999.9046,2018-03-29T12:53:26.931000Z
1.2309,1.2309100000000002,1690000.0572,1389999.9857,2018-03-29T12:53:27.440000Z
1.2309100000000002,1.2309200000000002,2440000.0572,1000000.0,2018-03-29T12:53:29.246000Z
1.23089,1.23093,4570000.1717,1250000.0,2018-03-29T12:53:29.784000Z
1.23089,1.2309200000000002,2700000.0477,2099999.9046,2018-03-29T12:53:31.033000Z
1.23089,1.2309100000000002,2250000.0,1000000.0,2018-03-29T12:53:31.547000Z
1.23089,1.2309200000000002,2250000.0,2099999.9046,2018-03-29T12:53:32.104000Z
1.23089,1.2309100000000002,2250000.0,1500000.0,2018-03-29T12:53:32.623000Z
1.23089,1.2309200000000002,2250000.0,3599999.9046,2018-03-29T12:53:34.020000Z
1.23089,1.2309100000000002,2250000.0,1000000.0,2018-03-29T12:53:34.687000Z
1.2309,1.2309200000000002,1250000.0,5469999.7902,2018-03-29T12:53:35.080000Z
1.23089,1.2309100000000002,3000000.0,3000000.0,2018-03-29T12:53:35.595000Z
1.23089,1.2309200000000002,2250000.0,2099999.9046,2018-03-29T12:53:36.382000Z
1.23089,1.2309100000000002,2700000.0477,1000000.0,2018-03-29T12:53:36.922000Z
1.23089,1.2309100000000002,1250000.0,7539999.9619,2018-03-29T12:53:38.260000Z
1.23088,1.23089,1000000.0,2619999.8856,2018-03-29T12:53:38.312000Z
1.23089,1.2309100000000002,1000000.0,7500000.0,2018-03-29T12:53:38.756000Z
1.23088,1.2309,1000000.0,7869999.8856,2018-03-29T12:53:39.261000Z
1.2308700000000001,1.23088,4389999.8665,2250000.0,2018-03-29T12:53:40.082000Z
1.23086,1.2308700000000001,1000000.0,2250000.0,2018-03-29T12:53:40.549000Z
1.23083,1.23085,1200000.0477,7869999.8856,2018-03-29T12:53:40.670000Z
1.2308000000000001,1.2308100000000002,1250000.0,8619999.8856,2018-03-29T12:53:40.721000Z
1.2308000000000001,1.2308100000000002,1000000.0,3750000.0,2018-03-29T12:53:41.230000Z
1.2308000000000001,1.23082,1000000.0,9300000.1907,2018-03-29T12:53:41.714000Z
1.23079,1.2308100000000002,2140000.1049,2250000.0,2018-03-29T12:53:41.766000Z
1.23079,1.2308100000000002,2619999.8856,1500000.0,2018-03-29T12:53:42.276000Z
1.23079,1.2308100000000002,1870000.0048,1000000.0,2018-03-29T12:53:43.005000Z
1.23079,1.2308100000000002,3259999.9905,1000000.0,2018-03-29T12:53:43.542000Z
1.23079,1.2308100000000002,2890000.1049,1000000.0,2018-03-29T12:53:44.115000Z
1.2308000000000001,1.23082,1100000.0238,2619999.8856,2018-03-29T12:53:45.133000Z
1.2308000000000001,1.23083,3640000.1049,1500000.0,2018-03-29T12:53:45.238000Z
1.2308100000000002,1.23084,3259999.9905,2319999.9332,2018-03-29T12:53:47.214000Z
1.2308100000000002,1.23084,2509999.9905,1500000.0,2018-03-29T12:53:48.046000Z
1.2308100000000002,1.23082,1950000.0477,1000000.0,2018-03-29T12:53:48.098000Z
1.23079,1.23082,3259999.9905,4119999.8856,2018-03-29T12:53:49.474000Z
1.2308000000000001,1.23082,1389999.9857,3369999.8856,2018-03-29T12:53:49.627000Z
1.2308000000000001,1.23082,1389999.9857,1500000.0,2018-03-29T12:53:53.480000Z
1.2308100000000002,1.23083,1250000.0,1120000.0048,2018-03-29T12:53:54.013000Z
1.2308000000000001,1.23082,4389999.8665,8250000.0,2018-03-29T12:53:57.842000Z
1.2308000000000001,1.23082,1000000.0,9750000.0,2018-03-29T12:53:58.355000Z
1.2307700000000001,1.23079,3259999.9905,9750000.0,2018-03-29T12:53:58.839000Z
1.23076,1.23078,2140000.1049,3750000.0,2018-03-29T12:53:58.947000Z
1.23075,1.2307700000000001,1690000.0572,2250000.0,2018-03-29T12:53:59.468000Z
1.23074,1.23076,4690000.0572,5500000.0,2018-03-29T12:53:59.804000Z
1.2307299999999999,1.23075,1120000.0048,1500000.0,2018-03-29T12:53:59.908000Z
1.23074,1.2307700000000001,1000000.0,3220000.0286,2018-03-29T12:54:00.447000Z
1.23074,1.23076,1000000.0,1870000.0048,2018-03-29T12:54:01.018000Z
1.2307299999999999,1.23074,1570000.0525,1000000.0,2018-03-29T12:54:02.178000Z
1.2307100000000002,1.2307299999999999,2319999.9332,1500000.0,2018-03-29T12:54:02.332000Z
1.2307100000000002,1.23074,7010000.2289,5250000.0,2018-03-29T12:54:02.435000Z
1.2307100000000002,1.23074,4199999.8093,3750000.0,2018-03-29T12:54:02.974000Z
1.2307100000000002,1.23074,1309999.9428,1500000.0,2018-03-29T12:54:04.410000Z
1.23072,1.23075,7010000.2289,1350000.0238,2018-03-29T12:54:04.515000Z
1.23074,1.23075,1120000.0048,1500000.0,2018-03-29T12:54:05.020000Z
1.23074,1.2307700000000001,2440000.0572,3000000.0,2018-03-29T12:54:05.526000Z
1.23074,1.2307700000000001,2250000.0,3000000.0,2018-03-29T12:54:06.038000Z
1.23075,1.2307700000000001,1000000.0,1500000.0,2018-03-29T12:54:08.108000Z
1.23074,1.23078,4570000.1717,15000000.0,2018-03-29T12:54:08.643000Z
1.2307299999999999,1.23074,1570000.0525,1000000.0,2018-03-29T12:54:09.007000Z
1.2307299999999999,1.23076,2700000.0477,1500000.0,2018-03-29T12:54:09.215000Z
1.23074,1.2307700000000001,1950000.0477,3369999.8856,2018-03-29T12:54:09.320000Z
1.23074,1.2307700000000001,1000000.0,4690000.0572,2018-03-29T12:54:09.839000Z
1.2307299999999999,1.23074,1950000.0477,1000000.0,2018-03-29T12:54:10.560000Z
1.2307299999999999,1.23075,1000000.0,3369999.8856,2018-03-29T12:54:11.121000Z
1.23074,1.23078,1759999.9905,6369999.8856,2018-03-29T12:54:11.667000Z
1.23074,1.23075,1000000.0,1000000.0,2018-03-29T12:54:12.539000Z
1.23075,1.2307700000000001,1000000.0,10720000.267,2018-03-29T12:54:12.718000Z
1.2307299999999999,1.23076,3069999.9332,4690000.0572,2018-03-29T12:54:18.668000Z
1.23074,1.23076,1200000.0477,1000000.0,2018-03-29T12:54:19.181000Z
1.23074,1.2307700000000001,1950000.0477,7239999.7711,2018-03-29T12:54:20.199000Z
1.23074,1.23076,1950000.0477,1000000.0,2018-03-29T12:54:20.728000Z
1.23074,1.23075,1000000.0,1000000.0,2018-03-29T12:54:21.521000Z
1.2307100000000002,1.23075,6260000.2289,4119999.8856,2018-03-29T12:54:22.040000Z
1.2307100000000002,1.2307299999999999,6260000.2289,1000000.0,2018-03-29T12:54:22.633000Z
1.2307100000000002,1.2307299999999999,2319999.9332,1000000.0,2018-03-29T12:54:23.149000Z
1.23072,1.2307299999999999,1389999.9857,1000000.0,2018-03-29T12:54:23.846000Z
1.2307100000000002,1.2307299999999999,2319999.9332,1000000.0,2018-03-29T12:54:24.362000Z
1.2307100000000002,1.23075,3069999.9332,9640000.3433,2018-03-29T12:54:24.898000Z
1.2307100000000002,1.23074,3450000.0477,1500000.0,2018-03-29T12:54:25.448000Z
1.2307100000000002,1.23074,3819999.9332,1870000.0048,2018-03-29T12:54:26.120000Z
1.2307100000000002,1.23074,3450000.0477,1000000.0,2018-03-29T12:54:27.355000Z
1.2307100000000002,1.2307299999999999,2319999.9332,1500000.0,2018-03-29T12:54:28.343000Z
1.2307000000000001,1.2307100000000002,1000000.0,1000000.0,2018-03-29T12:54:28.654000Z
1.2307000000000001,1.23074,6639999.8665,4199999.8093,2018-03-29T12:54:28.761000Z
1.2307000000000001,1.23074,8890000.3433,6000000.0,2018-03-29T12:54:29.376000Z
1.2307000000000001,1.2307299999999999,10569999.6948,1000000.0,2018-03-29T12:54:29.920000Z
1.2307000000000001,1.23074,6260000.2289,7119999.8856,2018-03-29T12:54:30.425000Z
1.2307299999999999,1.23076,1000000.0,3450000.0477,2018-03-29T12:54:30.695000Z
1.2307299999999999,1.2307700000000001,2319999.9332,7539999.9619,2018-03-29T12:54:31.252000Z
1.23074,1.2307700000000001,1000000.0,7500000.0,2018-03-29T12:54:32.742000Z
1.2307299999999999,1.2307700000000001,11140000.3433,1720000.0286,2018-03-29T12:54:33.305000Z
1.23075,1.2307700000000001,1000000.0,3970000.0286,2018-03-29T12:54:33.987000Z
1.2307299999999999,1.2307700000000001,4010000.2289,1309999.9428,2018-03-29T12:54:34.385000Z
1.2307299999999999,1.23074,2509999.9905,1000000.0,2018-03-29T12:54:34.743000Z
1.2307100000000002,1.23074,5889999.8665,3000000.0,2018-03-29T12:54:34.846000Z
1.2307000000000001,1.2307299999999999,10390000.3433,1000000.0,2018-03-29T12:54:35.348000Z
1.2307000000000001,1.2307299999999999,10010000.2289,1120000.0048,2018-03-29T12:54:35.955000Z
1.2307100000000002,1.23074,1500000.0,6750000.0,2018-03-29T12:54:37.905000Z
1.23069,1.2307299999999999,8140000.3433,8470000.267,2018-03-29T12:54:39.281000Z
1.2307000000000001,1.2307299999999999,1950000.0477,1870000.0048,2018-03-29T12:54:39.797000Z
1.2307299999999999,1.23074,1000000.0,1000000.0,2018-03-29T12:54:40.055000Z
1.2307299999999999,1.23076,5139999.8665,3000000.0,2018-03-29T12:54:40.179000Z
1.23074,1.23076,3369999.8856,1000000.0,2018-03-29T12:54:42.441000Z
1.23074,1.2307700000000001,4119999.8856,2619999.8856,2018-03-29T12:54:43.112000Z
1.23075,1.23076,1500000.0,1000000.0,2018-03-29T12:54:49.063000Z
1.23075,1.2307700000000001,1500000.0,1870000.0048,2018-03-29T12:54:49.567000Z
1.23075,1.23079,1690000.0572,6449999.8093,2018-03-29T12:54:52.135000Z
1.2308100000000002,1.23082,1500000.0,2250000.0,2018-03-29T12:54:52.628000Z
1.23082,1.23084,6750000.0,1389999.9857,2018-03-29T12:54:52.680000Z
1.23083,1.23085,1950000.0477,1000000.0,2018-03-29T12:54:52.731000Z
1.23083,1.2308700000000001,2700000.0477,3789999.9619,2018-03-29T12:54:52.884000Z
1.23083,1.2308700000000001,3819999.9332,9789999.9619,2018-03-29T12:54:53.476000Z
1.23084,1.2308700000000001,1120000.0048,5469999.7902,2018-03-29T12:54:54.524000Z
1.23085,1.2308700000000001,1000000.0,1720000.0286,2018-03-29T12:54:55.074000Z
1.23086,1.23088,1100000.0238,2619999.8856,2018-03-29T12:54:56.972000Z
1.23084,1.23088,9260000.2289,5059999.9428,2018-03-29T12:54:57.507000Z
1.23083,1.23085,4010000.2289,1000000.0,2018-03-29T12:54:57.611000Z
1.23083,1.23085,1000000.0,1120000.0048,2018-03-29T12:54:58.126000Z
1.23083,1.23086,2890000.1049,2890000.1049,2018-03-29T12:54:59.092000Z
1.23083,1.23085,2140000.1049,1120000.0048,2018-03-29T12:54:59.593000Z
1.23083,1.23085,3819999.9332,1000000.0,2018-03-29T12:55:00.161000Z
1.23083,1.2308700000000001,7389999.8665,6039999.9619,2018-03-29T12:55:02.373000Z
1.23083,1.23085,1570000.0525,1500000.0,2018-03-29T12:55:02.631000Z
1.23079,1.23082,8510000.2289,1000000.0,2018-03-29T12:55:02.980000Z
1.23079,1.23083,6260000.2289,2619999.8856,2018-03-29T12:55:03.486000Z
1.23079,1.23083,1200000.0477,8850000.3815,2018-03-29T12:55:03.763000Z
1.2307700000000001,1.2308100000000002,5320000.1717,6940000.0572,2018-03-29T12:55:03.872000Z
1.23078,1.2308000000000001,2700000.0477,1000000.0,2018-03-29T12:55:04.410000Z
1.23078,1.2308100000000002,2319999.9332,2250000.0,2018-03-29T12:55:04.809000Z
1.23079,1.2308100000000002,1200000.0477,1000000.0,2018-03-29T12:55:05.325000Z
1.2308000000000001,1.23082,1000000.0,1870000.0048,2018-03-29T12:55:08.046000Z
1.2308000000000001,1.23083,7010000.2289,3970000.0286,2018-03-29T12:55:08.388000Z
1.2308000000000001,1.23083,3069999.9332,4340000.1526,2018-03-29T12:55:09.570000Z
1.2308000000000001,1.23083,3069999.9332,4690000.0572,2018-03-29T12:55:10.117000Z
1.2308000000000001,1.23083,3069999.9332,4690000.0572,2018-03-29T12:55:10.738000Z
1.2308100000000002,1.23084,1100000.0238,1500000.0,2018-03-29T12:55:11.439000Z
1.2308100000000002,1.23083,1570000.0525,1000000.0,2018-03-29T12:55:12.285000Z
1.2308000000000001,1.23083,2319999.9332,4690000.0572,2018-03-29T12:55:12.811000Z
1.2308000000000001,1.23083,12340000.1526,1500000.0,2018-03-29T12:55:16.517000Z
1.2308100000000002,1.23084,1500000.0,1350000.0238,2018-03-29T12:55:16.723000Z
1.23082,1.23083,1100000.0238,2250000.0,2018-03-29T12:55:17.358000Z
1.2308000000000001,1.23082,1200000.0477,2849999.9046,2018-03-29T12:55:17.526000Z
1.23079,1.23082,1570000.0525,4719999.7902,2018-03-29T12:55:18.047000Z
1.23078,1.2308100000000002,7199999.8093,1250000.0,2018-03-29T12:55:18.656000Z
1.23079,1.23082,1200000.0477,2619999.8856,2018-03-29T12:55:19.236000Z
1.23078,1.2308000000000001,3069999.9332,1120000.0048,2018-03-29T12:55:29.571000Z
1.23076,1.23079,1200000.0477,4199999.8093,2018-03-29T12:55:29.792000Z
1.23076,1.23078,1200000.0477,2849999.9046,2018-03-29T12:55:30.101000Z
1.23074,1.2307700000000001,3450000.0477,3750000.0,2018-03-29T12:55:30.256000Z
1.23072,1.23075,3259999.9905,6000000.0,2018-03-29T12:55:30.411000Z
1.2307100000000002,1.23075,3450000.0477,6000000.0,2018-03-29T12:55:30.585000Z
1.2307100000000002,1.2307299999999999,4199999.8093,1000000.0,2018-03-29T12:55:30.636000Z
1.2307100000000002,1.23074,4199999.8093,3000000.0,2018-03-29T12:55:30.846000Z
1.2307000000000001,1.23072,2700000.0477,1000000.0,2018-03-29T12:55:31.200000Z
1.2307000000000001,1.2307299999999999,1200000.0477,4119999.8856,2018-03-29T12:55:31.740000Z
1.2307000000000001,1.2307299999999999,1950000.0477,2700000.0477,2018-03-29T12:55:32.807000Z
1.2306700000000002,1.23069,1759999.9905,1000000.0,2018-03-29T12:55:33.113000Z
1.23066,1.23068,6639999.8665,2500000.0,2018-03-29T12:55:33.522000Z
1.23068,1.2307000000000001,1309999.9428,2619999.8856,2018-03-29T12:55:34.818000Z
1.23068,1.23072,4010000.2289,4199999.8093,2018-03-29T12:55:35.047000Z
1.23068,1.2307100000000002,4199999.8093,1000000.0,2018-03-29T12:55:36Z
1.23069,1.23072,1389999.9857,1120000.0048,2018-03-29T12:55:36.681000Z
1.23072,1.23075,2250000.0,10949999.8093,2018-03-29T12:55:36.987000Z
1.23072,1.23075,3819999.9332,1250000.0,2018-03-29T12:55:37.039000Z
1.2307100000000002,1.23074,6070000.1717,1690000.0572,2018-03-29T12:55:37.562000Z
1.2307299999999999,1.23076,1000000.0,2619999.8856,2018-03-29T12:55:37.877000Z
1.23074,1.2307700000000001,2890000.1049,3369999.8856,2018-03-29T12:55:37.931000Z
1.23074,1.2307700000000001,1500000.0,3190000.0572,2018-03-29T12:55:38.568000Z
1.23074,1.23076,1000000.0,1500000.0,2018-03-29T12:55:39.582000Z
1.23072,1.23075,1570000.0525,6750000.0,2018-03-29T12:55:40.100000Z
1.2307100000000002,1.23075,4760000.2289,2809999.9428,2018-03-29T12:55:40.358000Z
1.23072,1.23074,1570000.0525,1000000.0,2018-03-29T12:55:40.462000Z
1.23079,1.23082,1120000.0048,2849999.9046,2018-03-29T12:55:40.712000Z
1.23079,1.2308000000000001,1000000.0,1000000.0,2018-03-29T12:55:41.252000Z
1.23079,1.2308100000000002,1000000.0,1690000.0572,2018-03-29T12:55:41.891000Z
1.2307700000000001,1.23079,4010000.2289,1000000.0,2018-03-29T12:55:42.361000Z
1.23079,1.2308100000000002,2250000.0,1870000.0048,2018-03-29T12:55:42.572000Z
1.23079,1.23083,1870000.0048,3859999.8951,2018-03-29T12:55:42.625000Z
1.2308000000000001,1.23083,1250000.0,3000000.0,2018-03-29T12:55:43.190000Z
1.2308100000000002,1.23083,1470000.0286,1120000.0048,2018-03-29T12:55:43.348000Z
1.23082,1.23084,1200000.0477,1870000.0048,2018-03-29T12:55:43.734000Z
1.2308100000000002,1.23083,1200000.0477,2250000.0,2018-03-29T12:55:44.282000Z
1.2308100000000002,1.23082,1200000.0477,1000000.0,2018-03-29T12:55:44.839000Z
1.2308100000000002,1.23084,1200000.0477,1759999.9905,2018-03-29T12:55:45.650000Z
1.2308100000000002,1.23083,4389999.8665,1250000.0,2018-03-29T12:55:46.158000Z
1.2308000000000001,1.23082,3259999.9905,1000000.0,2018-03-29T12:55:46.686000Z
1.2308000000000001,1.23083,2509999.9905,3750000.0,2018-03-29T12:55:47.903000Z
1.2308000000000001,1.23082,1389999.9857,1309999.9428,2018-03-29T12:55:48.418000Z
1.2308000000000001,1.23082,8699999.8093,2059999.9428,2018-03-29T12:55:48.953000Z
1.2308000000000001,1.23082,9069999.6948,2809999.9428,2018-03-29T12:55:52.368000Z
1.2308000000000001,1.23082,6449999.8093,2660000.0858,2018-03-29T12:55:53.764000Z
1.2308100000000002,1.23082,2250000.0,1120000.0048,2018-03-29T12:55:58.489000Z
1.2308100000000002,1.23085,1100000.0238,7909999.8474,2018-03-29T12:55:58.686000Z
1.23084,1.23086,6750000.0,1000000.0,2018-03-29T12:55:58.741000Z
1.2309100000000002,1.23093,1870000.0048,1000000.0,2018-03-29T12:55:59.056000Z
1.23093,1.23095,2059999.9428,2440000.0572,2018-03-29T12:55:59.161000Z
1.2309100000000002,1.23093,6639999.8665,1000000.0,2018-03-29T12:55:59.386000Z
1.2309200000000002,1.23094,2809999.9428,1120000.0048,2018-03-29T12:55:59.440000Z
1.23093,1.23096,2250000.0,9560000.4196,2018-03-29T12:56:00.061000Z
1.2309100000000002,1.23093,6820000.1717,1000000.0,2018-03-29T12:56:00.609000Z
1.2309100000000002,1.23095,5320000.1717,2809999.9428,2018-03-29T12:56:00.714000Z
1.23094,1.23096,3750000.0,2440000.0572,2018-03-29T12:56:01.025000Z
1.23095,1.23096,3750000.0,1000000.0,2018-03-29T12:56:01.604000Z
1.23094,1.2309700000000001,1950000.0477,3559999.9428,2018-03-29T12:56:02.906000Z
1.23093,1.23095,1570000.0525,1129999.9952,2018-03-29T12:56:03.407000Z
1.23093,1.23096,3819999.9332,2059999.9428,2018-03-29T12:56:03.919000Z
1.23093,1.2309700000000001,2890000.1049,2440000.0572,2018-03-29T12:56:04.661000Z
1.23094,1.23098,3819999.9332,7119999.8856,2018-03-29T12:56:04.716000Z
1.23096,1.23098,1250000.0,5659999.8474,2018-03-29T12:56:07.386000Z
1.2309700000000001,1.231,2440000.0572,3970000.0286,2018-03-29T12:56:07.594000Z
1.231,1.23103,4760000.2289,1870000.0048,2018-03-29T12:56:07.861000Z
1.2310100000000002,1.23103,2059999.9428,1250000.0,2018-03-29T12:56:11.274000Z
1.2310200000000002,1.23105,1570000.0525,4050000.1907,2018-03-29T12:56:11.376000Z
1.2310200000000002,1.23104,1570000.0525,1500000.0,2018-03-29T12:56:11.907000Z
1.2310200000000002,1.23105,1100000.0238,6300000.1907,2018-03-29T12:56:12.631000Z
1.2310200000000002,1.23104,1309999.9428,2440000.0572,2018-03-29T12:56:13.169000Z
1.2310100000000002,1.23103,2059999.9428,1000000.0,2018-03-29T12:56:14.002000Z
1.23103,1.23105,2619999.8856,1100000.0238,2018-03-29T12:56:16.174000Z
1.23105,1.23107,1000000.0,1870000.0048,2018-03-29T12:56:16.277000Z
1.23103,1.23105,1309999.9428,2059999.9428,2018-03-29T12:56:16.583000Z
1.23104,1.23106,1309999.9428,3259999.9905,2018-03-29T12:56:16.685000Z
1.23105,1.23106,1309999.9428,1159999.9666,2018-03-29T12:56:19.118000Z
1.23104,1.23106,2250000.0,1669999.9571,2018-03-29T12:56:20.646000Z
1.2310100000000002,1.23105,1250000.0,9859999.6567,2018-03-29T12:56:21.125000Z
1.231,1.23105,6750000.0,8359999.6567,2018-03-29T12:56:21.642000Z
1.2310100000000002,1.23104,1250000.0,1309999.9428,2018-03-29T12:56:22.148000Z
1.2310100000000002,1.23103,1000000.0,1309999.9428,2018-03-29T12:56:22.874000Z
1.231,1.23103,1500000.0,1009999.9905,2018-03-29T12:56:23.624000Z
1.231,1.2310200000000002,2059999.9428,1250000.0,2018-03-29T12:56:24.164000Z
1.23099,1.23103,9189999.5804,4719999.7902,2018-03-29T12:56:24.697000Z
1.2310100000000002,1.23104,3190000.0572,2099999.9046,2018-03-29T12:56:29.256000Z
1.23104,1.23105,2059999.9428,1759999.9905,2018-03-29T12:56:29.462000Z
1.2310200000000002,1.23103,1000000.0,1000000.0,2018-03-29T12:56:29.864000Z
1.231,1.23104,5809999.9428,3109999.8951,2018-03-29T12:56:29.969000Z
1.231,1.2310200000000002,6559999.9428,1000000.0,2018-03-29T12:56:30.022000Z
1.2310200000000002,1.23103,1000000.0,1500000.0,2018-03-29T12:56:35.630000Z
1.2310200000000002,1.23105,1690000.0572,10050000.1907,2018-03-29T12:56:35.787000Z
1.23103,1.23104,1690000.0572,1000000.0,2018-03-29T12:56:36.799000Z
1.2310100000000002,1.23105,5440000.0572,2809999.9428,2018-03-29T12:56:36.953000Z
1.2310100000000002,1.23103,2619999.8856,3190000.0572,2018-03-29T12:56:37.005000Z
1.231,1.23103,1500000.0,4239999.7711,2018-03-29T12:56:37.531000Z
1.231,1.2310200000000002,2059999.9428,1190000.0572,2018-03-29T12:56:41.263000Z
1.23099,1.2310200000000002,1000000.0,6389999.8665,2018-03-29T12:56:42.704000Z
1.2310100000000002,1.23104,1000000.0,9859999.6567,2018-03-29T12:56:42.810000Z
1.2310200000000002,1.23104,1500000.0,1570000.0525,2018-03-29T12:56:43.325000Z
1.2310200000000002,1.23104,1500000.0,1120000.0048,2018-03-29T12:56:44.845000Z
1.2310200000000002,1.23104,1500000.0,5059999.9428,2018-03-29T12:56:50.457000Z
1.2310100000000002,1.23104,3000000.0,2059999.9428,2018-03-29T12:56:51.105000Z
1.231,1.23104,4500000.0,8439999.5804,2018-03-29T12:56:52.481000Z
1.23099,1.2310200000000002,4500000.0,1350000.0238,2018-03-29T12:56:56.671000Z
1.23098,1.2310200000000002,15260000.2289,3039999.9619,2018-03-29T12:56:56.983000Z
1.231,1.23103,1500000.0,4349999.9046,2018-03-29T12:56:58.321000Z
1.2310200000000002,1.23103,1000000.0,1909999.9666,2018-03-29T12:56:58.459000Z
1.2310200000000002,1.23104,1000000.0,3789999.9619,2018-03-29T12:57:00.786000Z
1.2310100000000002,1.23105,1870000.0048,11470000.267,2018-03-29T12:57:02.226000Z
1.2310200000000002,1.23104,1250000.0,2619999.8856,2018-03-29T12:57:03.655000Z
1.23106,1.23108,1000000.0,1299999.9523,2018-03-29T12:57:03.967000Z
1.23106,1.23109,2440000.0572,4309999.9428,2018-03-29T12:57:05.283000Z
1.23107,1.23109,1250000.0,1690000.0572,2018-03-29T12:57:06.177000Z
1.23109,1.2311,1000000.0,1250000.0,2018-03-29T12:57:09.087000Z
1.23108,1.2311,1500000.0,2250000.0,2018-03-29T12:57:09.604000Z
1.2311,1.2311200000000002,7869999.8856,1000000.0,2018-03-29T12:57:09.930000Z
1.2311,1.2311400000000001,9819999.6948,1539999.9619,2018-03-29T12:57:10.591000Z
1.2311,1.2311400000000001,8890000.3433,3000000.0,2018-03-29T12:57:11.415000Z
1.2311,1.2311400000000001,10010000.2289,4539999.9619,2018-03-29T12:57:11.980000Z
1.2311,1.23113,13760000.2289,1500000.0,2018-03-29T12:57:12.769000Z
1.2311,1.23113,10760000.2289,1000000.0,2018-03-29T12:57:13.284000Z
1.2311,1.23113,10010000.2289,1250000.0,2018-03-29T12:57:13.787000Z
1.2311,1.2311100000000001,1200000.0477,1250000.0,2018-03-29T12:57:14.211000Z
1.23109,1.23113,5889999.8665,4309999.9428,2018-03-29T12:57:14.731000Z
1.2311,1.2311200000000002,1250000.0,1309999.9428,2018-03-29T12:57:15.250000Z
1.23109,1.2311200000000002,6260000.2289,2809999.9428,2018-03-29T12:57:15.827000Z
1.23107,1.2311,2809999.9428,1500000.0,2018-03-29T12:57:16.137000Z
1.23106,1.23108,1000000.0,2059999.9428,2018-03-29T12:57:16.700000Z
1.23106,1.23109,4690000.0572,1690000.0572,2018-03-29T12:57:17.728000Z
1.23109,1.2311200000000002,8060000.4196,1250000.0,2018-03-29T12:57:18.037000Z
1.23109,1.2311,3259999.9905,1120000.0048,2018-03-29T12:57:18.343000Z
1.23109,1.2311100000000001,5070000.1717,1690000.0572,2018-03-29T12:57:18.936000Z
1.23109,1.2311,1250000.0,1120000.0048,2018-03-29T12:57:19.485000Z
1.23109,1.2311100000000001,1250000.0,1690000.0572,2018-03-29T12:57:20.112000Z
1.23109,1.2311,1200000.0477,1309999.9428,2018-03-29T12:57:20.944000Z
1.23108,1.2311,1120000.0048,5059999.9428,2018-03-29T12:57:22.884000Z
1.2311,1.2311100000000001,3750000.0,1000000.0,2018-03-29T12:57:23.249000Z
1.2311,1.23113,3450000.0477,4869999.8856,2018-03-29T12:57:23.354000Z
1.2311,1.23113,2250000.0,5059999.9428,2018-03-29T12:57:24.131000Z
1.2311,1.2311200000000002,2250000.0,1000000.0,2018-03-29T12:57:24.817000Z
1.2311,1.23113,3450000.0477,5250000.0,2018-03-29T12:57:26.590000Z
1.2311,1.2311200000000002,3450000.0477,1000000.0,2018-03-29T12:57:27.500000Z
1.2311,1.23113,3450000.0477,5059999.9428,2018-03-29T12:57:28.048000Z
1.2311,1.2311200000000002,3450000.0477,1000000.0,2018-03-29T12:57:28.675000Z
1.2311100000000001,1.23113,4199999.8093,2809999.9428,2018-03-29T12:57:29.182000Z
1.2311,1.2311400000000001,4389999.8665,3940000.0572,2018-03-29T12:57:30.418000Z
1.2311,1.2311400000000001,4760000.2289,5099999.9046,2018-03-29T12:57:31.263000Z
1.2311100000000001,1.2311400000000001,1250000.0,5809999.9428,2018-03-29T12:57:32.202000Z
1.2311200000000002,1.2311400000000001,1000000.0,2059999.9428,2018-03-29T12:57:32.721000Z
1.2311,1.2311400000000001,8699999.8093,2059999.9428,2018-03-29T12:57:33.310000Z
1.2311100000000001,1.2311400000000001,1000000.0,2809999.9428,2018-03-29T12:57:33.859000Z
1.2311400000000001,1.23115,3000000.0,2250000.0,2018-03-29T12:57:34.247000Z
1.23115,1.23118,6449999.8093,1500000.0,2018-03-29T12:57:34.300000Z
1.23116,1.23119,1100000.0238,2059999.9428,2018-03-29T12:57:34.403000Z
1.23116,1.2312,3069999.9332,3190000.0572,2018-03-29T12:57:34.917000Z
1.23119,1.2312100000000001,2250000.0,7579999.9237,2018-03-29T12:57:36.766000Z
1.2312,1.2312400000000001,3559999.9428,5510000.2289,2018-03-29T12:57:36.922000Z
1.2312100000000001,1.2312400000000001,1120000.0048,1200000.0477,2018-03-29T12:57:37.455000Z
1.2312100000000001,1.2312400000000001,4690000.0572,1950000.0477,2018-03-29T12:57:37.998000Z
1.2312400000000001,1.23125,2250000.0,4500000.0,2018-03-29T12:57:38.258000Z
1.23126,1.23129,6000000.0,2509999.9905,2018-03-29T12:57:38.804000Z
1.23127,1.23129,6000000.0,3000000.0,2018-03-29T12:57:38.906000Z
1.23129,1.2313,1000000.0,1000000.0,2018-03-29T12:57:39.116000Z
1.2313,1.2313200000000002,1870000.0048,2609999.8951,2018-03-29T12:57:39.168000Z
1.2313100000000001,1.23133,1000000.0,1250000.0,2018-03-29T12:57:39.270000Z
1.2313,1.23134,2250000.0,2890000.1049,2018-03-29T12:57:39.613000Z
1.2313100000000001,1.23134,1100000.0238,2440000.0572,2018-03-29T12:57:40.150000Z
1.2313100000000001,1.23134,1000000.0,1250000.0,2018-03-29T12:57:40.661000Z
1.2313100000000001,1.23134,3940000.0572,5440000.0572,2018-03-29T12:57:41.686000Z
1.23134,1.2313500000000002,1500000.0,4869999.8856,2018-03-29T12:57:41.739000Z
1.23136,1.23138,3000000.0,1500000.0,2018-03-29T12:57:41.843000Z
1.23138,1.2314,3750000.0,2890000.1049,2018-03-29T12:57:41.895000Z
1.23144,1.2314500000000002,2619999.8856,1000000.0,2018-03-29T12:57:42.033000Z
1.23148,1.2315,1000000.0,2619999.8856,2018-03-29T12:57:42.241000Z
1.23146,1.23148,2440000.0572,1000000.0,2018-03-29T12:57:42.395000Z
1.23147,1.2315,1690000.0572,2059999.9428,2018-03-29T12:57:42.935000Z
1.23147,1.23149,3190000.0572,1690000.0572,2018-03-29T12:57:43.699000Z
1.23147,1.2315,3559999.9428,2059999.9428,2018-03-29T12:57:44.088000Z
1.23147,1.2315,3559999.9428,4760000.2289,2018-03-29T12:57:44.295000Z
1.23147,1.2315,2619999.8856,4690000.0572,2018-03-29T12:57:44.502000Z
1.23149,1.23151,4690000.0572,1000000.0,2018-03-29T12:57:45.234000Z
1.23149,1.23153,4690000.0572,1309999.9428,2018-03-29T12:57:45.287000Z
1.2315,1.23153,5809999.9428,1759999.9905,2018-03-29T12:57:46.016000Z
1.23149,1.23151,11140000.3433,1000000.0,2018-03-29T12:57:46.068000Z
1.23147,1.23149,1500000.0,3750000.0,2018-03-29T12:57:46.170000Z
1.23146,1.23149,1000000.0,7760000.2289,2018-03-29T12:57:46.682000Z
1.23144,1.23147,9369999.8856,1000000.0,2018-03-29T12:57:47.033000Z
1.2314500000000002,1.23148,2809999.9428,1690000.0572,2018-03-29T12:57:47.642000Z
1.2314500000000002,1.23149,2250000.0,2700000.0477,2018-03-29T12:57:48.211000Z
1.23146,1.23148,1120000.0048,1250000.0,2018-03-29T12:57:48.730000Z
1.2314500000000002,1.23148,3750000.0,1190000.0572,2018-03-29T12:57:49.480000Z
1.23146,1.2315,8439999.5804,1950000.0477,2018-03-29T12:57:49.583000Z
1.2314500000000002,1.23148,3940000.0572,1570000.0525,2018-03-29T12:57:49.788000Z
1.2314500000000002,1.23149,2619999.8856,2140000.1049,2018-03-29T12:57:51.426000Z
1.23148,1.2315,1500000.0,6070000.1717,2018-03-29T12:57:51.854000Z
1.23147,1.2315200000000002,3750000.0,7760000.2289,2018-03-29T12:57:52.011000Z
1.23148,1.23153,5619999.8856,12069999.6948,2018-03-29T12:57:52.167000Z
1.2315,1.23154,3369999.8856,4199999.8093,2018-03-29T12:57:54.363000Z
1.2315500000000001,1.23157,1000000.0,1389999.9857,2018-03-29T12:57:54.623000Z
1.23154,1.23158,1870000.0048,3450000.0477,2018-03-29T12:57:55.132000Z
1.23154,1.23158,3000000.0,1200000.0477,2018-03-29T12:57:55.654000Z
1.23154,1.23157,1120000.0048,1100000.0238,2018-03-29T12:57:56.188000Z
1.2315500000000001,1.23158,1870000.0048,1100000.0238,2018-03-29T12:57:56.951000Z
1.23156,1.2316,1000000.0,9069999.6948,2018-03-29T12:57:57.489000Z
1.23154,1.23159,1500000.0,13000000.0,2018-03-29T12:57:58.022000Z
1.23154,1.23157,3750000.0,1000000.0,2018-03-29T12:57:58.569000Z
1.23154,1.23158,2250000.0,1100000.0238,2018-03-29T12:57:59.128000Z
1.23161,1.2316500000000001,1690000.0572,4570000.1717,2018-03-29T12:57:59.528000Z
1.2316200000000002,1.2316500000000001,1000000.0,1570000.0525,2018-03-29T12:58:00.768000Z
1.2316200000000002,1.2316500000000001,2809999.9428,1500000.0,2018-03-29T12:58:01.292000Z
1.2316200000000002,1.23164,1120000.0048,1000000.0,2018-03-29T12:58:02.255000Z
1.23157,1.23161,2809999.9428,1200000.0477,2018-03-29T12:58:02.567000Z
1.23159,1.23163,1690000.0572,1570000.0525,2018-03-29T12:58:02.884000Z
1.23161,1.2316500000000001,3000000.0,6070000.1717,2018-03-29T12:58:03.088000Z
1.2316200000000002,1.2316500000000001,6940000.0572,1000000.0,2018-03-29T12:58:03.191000Z
1.2316200000000002,1.2316500000000001,2440000.0572,1500000.0,2018-03-29T12:58:03.883000Z
1.2316200000000002,1.2316500000000001,1500000.0,1000000.0,2018-03-29T12:58:04.396000Z
1.2316200000000002,1.23163,1120000.0048,1000000.0,2018-03-29T12:58:04.550000Z
1.2316,1.23164,1759999.9905,2700000.0477,2018-03-29T12:58:04.743000Z
1.23158,1.23163,4869999.8856,10569999.6948,2018-03-29T12:58:05.971000Z
1.23161,1.23164,2059999.9428,1200000.0477,2018-03-29T12:58:06.334000Z
1.2316200000000002,1.2316600000000002,4119999.8856,2440000.0572,2018-03-29T12:58:06.745000Z
1.23164,1.23167,1000000.0,5139999.8665,2018-03-29T12:58:06.956000Z
1.23163,1.23164,1950000.0477,1000000.0,2018-03-29T12:58:07.422000Z
1.23161,1.23163,1500000.0,1000000.0,2018-03-29T12:58:07.630000Z
1.23159,1.23161,1870000.0048,5250000.0,2018-03-29T12:58:07.869000Z
1.23157,1.2316,2619999.8856,2250000.0,2018-03-29T12:58:08.178000Z
1.2315500000000001,1.2316,5510000.2289,6820000.1717,2018-03-29T12:58:08.281000Z
1.23156,1.2316,9000000.0,1570000.0525,2018-03-29T12:58:09.454000Z
1.23159,1.23163,5889999.8665,1570000.0525,2018-03-29T12:58:09.765000Z
1.2316,1.23163,1309999.9428,1100000.0238,2018-03-29T12:58:10.351000Z
1.2316,1.2316200000000002,1309999.9428,1000000.0,2018-03-29T12:58:11.557000Z
1.2316,1.23164,1690000.0572,6449999.8093,2018-03-29T12:58:12.130000Z
1.2316,1.23164,8060000.4196,1120000.0048,2018-03-29T12:58:12.677000Z
1.2316,1.2316500000000001,5059999.9428,10949999.8093,2018-03-29T12:58:13.575000Z
1.23161,1.23164,1500000.0,1000000.0,2018-03-29T12:58:14.089000Z
1.2316200000000002,1.2316600000000002,1870000.0048,2700000.0477,2018-03-29T12:58:15.241000Z
1.2316200000000002,1.2316600000000002,3559999.9428,1690000.0572,2018-03-29T12:58:15.791000Z
1.23164,1.2316600000000002,3190000.0572,1000000.0,2018-03-29T12:58:16.309000Z
1.23164,1.23167,7500000.0,1000000.0,2018-03-29T12:58:16.828000Z
1.23167,1.23169,1000000.0,1570000.0525,2018-03-29T12:58:17.141000Z
1.2316500000000001,1.23169,5510000.2289,2319999.9332,2018-03-29T12:58:17.412000Z
1.2316500000000001,1.23169,4949999.8093,2700000.0477,2018-03-29T12:58:17.978000Z
1.2316500000000001,1.23169,11060000.4196,1500000.0,2018-03-29T12:58:18.550000Z
1.2316500000000001,1.2316799999999999,1000000.0,1950000.0477,2018-03-29T12:58:18.862000Z
1.23164,1.2316799999999999,3559999.9428,1120000.0048,2018-03-29T12:58:20.418000Z
1.2316600000000002,1.2317,1870000.0048,3640000.1049,2018-03-29T12:58:20.770000Z
1.2316500000000001,1.2316799999999999,2440000.0572,1000000.0,2018-03-29T12:58:21.127000Z
1.23164,1.2316799999999999,1120000.0048,6250000.0,2018-03-29T12:58:21.436000Z
1.23161,1.23164,2140000.1049,1000000.0,2018-03-29T12:58:22.178000Z
1.2316,1.23164,21190000.5341,1500000.0,2018-03-29T12:58:22.696000Z
1.23161,1.23164,2440000.0572,1870000.0048,2018-03-29T12:58:24.265000Z
1.23161,1.2316500000000001,8810000.4196,8250000.0,2018-03-29T12:58:24.776000Z
1.2316200000000002,1.23164,4690000.0572,1000000.0,2018-03-29T12:58:25.298000Z
1.23161,1.23163,1309999.9428,1000000.0,2018-03-29T12:58:26.687000Z
1.2316,1.23164,5059999.9428,3000000.0,2018-03-29T12:58:27.299000Z
1.2316200000000002,1.23164,6000000.0,1000000.0,2018-03-29T12:58:28.007000Z
1.2316200000000002,1.23163,6000000.0,1000000.0,2018-03-29T12:58:29.048000Z
1.23159,1.2316,1120000.0048,2619999.8856,2018-03-29T12:58:29.154000Z
1.2316,1.2316200000000002,3000000.0,1500000.0,2018-03-29T12:58:29.756000Z
1.2316,1.23164,15069999.6948,1950000.0477,2018-03-29T12:58:29.810000Z
1.2316200000000002,1.2316500000000001,1500000.0,2319999.9332,2018-03-29T12:58:31.629000Z
1.2316200000000002,1.23164,6369999.8856,1500000.0,2018-03-29T12:58:32.146000Z
1.23161,1.23164,1120000.0048,1870000.0048,2018-03-29T12:58:32.728000Z
1.2316,1.23164,7389999.8665,9449999.8093,2018-03-29T12:58:33.496000Z
1.23157,1.23158,1120000.0048,1299999.9523,2018-03-29T12:58:33.601000Z
1.23154,1.23158,9189999.5804,3640000.1049,2018-03-29T12:58:33.705000Z
1.2315200000000002,1.2315500000000001,1309999.9428,5250000.0,2018-03-29T12:58:33.809000Z
1.23151,1.23154,4500000.0,1000000.0,2018-03-29T12:58:33.862000Z
1.2315500000000001,1.23156,2250000.0,1000000.0,2018-03-29T12:58:34.168000Z
1.23156,1.23157,1000000.0,1870000.0048,2018-03-29T12:58:34.410000Z
1.2315500000000001,1.23157,1120000.0048,1120000.0048,2018-03-29T12:58:34.955000Z
1.23154,1.23157,6190000.0572,7199999.8093,2018-03-29T12:58:35.090000Z
1.23153,1.23157,3369999.8856,9260000.2289,2018-03-29T12:58:35.604000Z
1.23154,1.23156,4500000.0,2700000.0477,2018-03-29T12:58:36.163000Z
1.23156,1.23158,6000000.0,4760000.2289,2018-03-29T12:58:36.368000Z
1.23158,1.23159,1000000.0,1120000.0048,2018-03-29T12:58:36.625000Z
1.2316,1.23163,2440000.0572,1950000.0477,2018-03-29T12:58:36.822000Z
1.23164,1.2316500000000001,1000000.0,1000000.0,2018-03-29T12:58:36.977000Z
1.2316200000000002,1.23164,2619999.8856,1000000.0,2018-03-29T12:58:37.234000Z
1.2316500000000001,1.2316600000000002,1000000.0,1570000.0525,2018-03-29T12:58:38.945000Z
1.2316500000000001,1.2316799999999999,3750000.0,10199999.8093,2018-03-29T12:58:39.048000Z
1.2316799999999999,1.2317,1000000.0,2619999.8856,2018-03-29T12:58:39.202000Z
1.2316600000000002,1.2316799999999999,2250000.0,1000000.0,2018-03-29T12:58:39.407000Z
1.2316799999999999,1.2317,5440000.0572,1200000.0477,2018-03-29T12:58:39.649000Z
1.23169,1.23173,4309999.9428,9260000.2289,2018-03-29T12:58:39.701000Z
1.2317,1.23174,4500000.0,7989999.7711,2018-03-29T12:58:40.222000Z
1.2317,1.23174,6000000.0,3670000.0763,2018-03-29T12:58:40.799000Z
1.2317,1.2317200000000001,4500000.0,1500000.0,2018-03-29T12:58:41.003000Z
1.2316799999999999,1.2317,1690000.0572,1000000.0,2018-03-29T12:58:41.054000Z
1.23167,1.2317,5059999.9428,2319999.9332,2018-03-29T12:58:41.512000Z
1.23169,1.23173,8439999.5804,2890000.1049,2018-03-29T12:58:41.736000Z
1.2317,1.23173,4690000.0572,3819999.9332,2018-03-29T12:58:41.942000Z
1.23171,1.23174,3000000.0,2700000.0477,2018-03-29T12:58:42.856000Z
1.23171,1.2317200000000001,2250000.0,1000000.0,2018-03-29T12:58:43.385000Z
1.2316799999999999,1.23173,2619999.8856,4949999.8093,2018-03-29T12:58:43.543000Z
1.2316799999999999,1.23171,3369999.8856,3410000.0858,2018-03-29T12:58:43.830000Z
1.2316600000000002,1.23169,1000000.0,1570000.0525,2018-03-29T12:58:44.093000Z
1.2316799999999999,1.2317,7869999.8856,1500000.0,2018-03-29T12:58:44.302000Z
1.23169,1.2317200000000001,1120000.0048,4389999.8665,2018-03-29T12:58:44.890000Z
1.2317,1.23173,1000000.0,2700000.0477,2018-03-29T12:58:45.402000Z
1.23169,1.2317200000000001,3190000.0572,1570000.0525,2018-03-29T12:58:45.917000Z
1.2317,1.2317200000000001,1000000.0,1100000.0238,2018-03-29T12:58:46.425000Z
1.23171,1.23174,2250000.0,4389999.8665,2018-03-29T12:58:46.937000Z
1.2317,1.23174,5809999.9428,1309999.9428,2018-03-29T12:58:47.465000Z
1.23171,1.2317500000000001,3750000.0,3069999.9332,2018-03-29T12:58:47.994000Z
1.23171,1.2317500000000001,4119999.8856,3069999.9332,2018-03-29T12:58:48.519000Z
1.23174,1.2317600000000002,2250000.0,5320000.1717,2018-03-29T12:58:48.799000Z
1.2317500000000001,1.23178,1120000.0048,1389999.9857,2018-03-29T12:58:48.851000Z
1.23177,1.23179,1000000.0,2700000.0477,2018-03-29T12:58:49.114000Z
1.23179,1.2318200000000001,1000000.0,1950000.0477,2018-03-29T12:58:49.171000Z
1.2318,1.23183,1870000.0048,2440000.0572,2018-03-29T12:58:49.631000Z
1.2318,1.2318200000000001,1120000.0048,1000000.0,2018-03-29T12:58:50.327000Z
1.23181,1.2318200000000001,2250000.0,1000000.0,2018-03-29T12:58:51.268000Z
1.23181,1.23184,5619999.8856,1000000.0,2018-03-29T12:58:51.643000Z
1.23181,1.23183,1000000.0,1200000.0477,2018-03-29T12:58:51.748000Z
1.2318,1.23183,5250000.0,1000000.0,2018-03-29T12:58:52.283000Z
1.2318200000000001,1.23183,1000000.0,1000000.0,2018-03-29T12:58:52.750000Z
1.23181,1.23184,1870000.0048,1690000.0572,2018-03-29T12:58:53.262000Z
1.23183,1.2318600000000002,3940000.0572,2440000.0572,2018-03-29T12:58:53.572000Z
1.23181,1.23183,1100000.0238,1000000.0,2018-03-29T12:58:53.987000Z
1.2318,1.23183,4010000.2289,1000000.0,2018-03-29T12:58:54.900000Z
1.23181,1.23183,1250000.0,1000000.0,2018-03-29T12:58:55.665000Z
1.23181,1.23184,2059999.9428,1000000.0,2018-03-29T12:58:56.175000Z
1.23183,1.23184,1500000.0,1000000.0,2018-03-29T12:58:56.577000Z
1.23181,1.23184,1250000.0,1200000.0477,2018-03-29T12:58:57.093000Z
1.2318,1.23181,1000000.0,1870000.0048,2018-03-29T12:58:57.589000Z
1.2317500000000001,1.23177,1250000.0,1000000.0,2018-03-29T12:58:57.641000Z
1.23174,1.23179,3640000.1049,6639999.8665,2018-03-29T12:58:57.694000Z
1.23174,1.23177,2140000.1049,1100000.0238,2018-03-29T12:58:57.747000Z
1.23174,1.23177,4010000.2289,1200000.0477,2018-03-29T12:58:57.800000Z
1.23174,1.23178,2440000.0572,2509999.9905,2018-03-29T12:58:58.948000Z
1.23173,1.23178,6820000.1717,1950000.0477,2018-03-29T12:58:59.463000Z
1.23173,1.23177,7199999.8093,1570000.0525,2018-03-29T12:59:00.014000Z
1.23173,1.23178,9829999.9237,4760000.2289,2018-03-29T12:59:01.308000Z
1.23174,1.23178,1000000.0,3819999.9332,2018-03-29T12:59:02.398000Z
1.23179,1.2318200000000001,1120000.0048,1200000.0477,2018-03-29T12:59:02.742000Z
1.23178,1.23179,1000000.0,1000000.0,2018-03-29T12:59:03.048000Z
1.2317500000000001,1.2318,6940000.0572,4989999.7711,2018-03-29T12:59:03.357000Z
1.2317500000000001,1.23178,2059999.9428,1570000.0525,2018-03-29T12:59:03.476000Z
1.23174,1.23178,1200000.0477,1200000.0477,2018-03-29T12:59:03.935000Z
1.2317600000000002,1.23179,1500000.0,5320000.1717,2018-03-29T12:59:04.735000Z
1.23177,1.2318,1120000.0048,1070000.0525,2018-03-29T12:59:05.247000Z
1.2317600000000002,1.2318,6260000.2289,1070000.0525,2018-03-29T12:59:05.762000Z
1.2317600000000002,1.2318,7389999.8665,1070000.0525,2018-03-29T12:59:06.072000Z
1.23178,1.23181,1870000.0048,2619999.8856,2018-03-29T12:59:06.596000Z
1.2317600000000002,1.23179,1120000.0048,1200000.0477,2018-03-29T12:59:07.014000Z
1.2317600000000002,1.23179,2059999.9428,1000000.0,2018-03-29T12:59:07.531000Z
1.23177,1.2318,1250000.0,3069999.9332,2018-03-29T12:59:08.632000Z
1.23178,1.2318,4690000.0572,1200000.0477,2018-03-29T12:59:09.320000Z
1.23179,1.23181,1190000.0572,1000000.0,2018-03-29T12:59:09.371000Z
1.23181,1.23183,7500000.0,1950000.0477,2018-03-29T12:59:09.627000Z
1.23181,1.23184,7119999.8856,5320000.1717,2018-03-29T12:59:10.130000Z
1.23181,1.23184,5809999.9428,3069999.9332,2018-03-29T12:59:10.642000Z
1.23181,1.2318200000000001,2619999.8856,1200000.0477,2018-03-29T12:59:11.284000Z
1.23181,1.23184,6750000.0,2700000.0477,2018-03-29T12:59:11.822000Z
1.2318200000000001,1.23184,2250000.0,5320000.1717,2018-03-29T12:59:12.405000Z
1.23181,1.23184,6750000.0,3069999.9332,2018-03-29T12:59:12.982000Z
1.2318200000000001,1.23183,1000000.0,1100000.0238,2018-03-29T12:59:13.528000Z
1.23184,1.2318700000000002,1250000.0,2509999.9905,2018-03-29T12:59:13.737000Z
1.23183,1.2318700000000002,1690000.0572,4570000.1717,2018-03-29T12:59:14.463000Z
1.23183,1.2318600000000002,1250000.0,1200000.0477,2018-03-29T12:59:14.567000Z
1.2318700000000002,1.23188,1500000.0,13010000.2289,2018-03-29T12:59:15.094000Z
1.23189,1.2319200000000001,1250000.0,4199999.8093,2018-03-29T12:59:15.259000Z
1.2318700000000002,1.23189,1000000.0,1690000.0572,2018-03-29T12:59:15.571000Z
1.2318500000000001,1.23188,1250000.0,1950000.0477,2018-03-29T12:59:15.623000Z
1.23184,1.2318600000000002,1690000.0572,1000000.0,2018-03-29T12:59:16.147000Z
1.23181,1.23184,1100000.0238,1200000.0477,2018-03-29T12:59:16.229000Z
1.23181,1.23184,1190000.0572,3819999.9332,2018-03-29T12:59:16.766000Z
1.23179,1.23184,8890000.3433,2319999.9332,2018-03-29T12:59:17.077000Z
1.23183,1.2318600000000002,1000000.0,2319999.9332,2018-03-29T12:59:17.413000Z
1.23183,1.23184,1000000.0,1000000.0,2018-03-29T12:59:18.142000Z
1.2318,1.2318200000000001,3190000.0572,1000000.0,2018-03-29T12:59:18.245000Z
1.23177,1.2318,5139999.8665,1000000.0,2018-03-29T12:59:18.452000Z
1.23178,1.2318200000000001,1500000.0,3450000.0477,2018-03-29T12:59:18.503000Z
1.2318,1.23183,1870000.0048,3259999.9905,2018-03-29T12:59:18.708000Z
1.2318,1.23183,1120000.0048,1389999.9857,2018-03-29T12:59:18.801000Z
1.2318,1.23183,1500000.0,1070000.0525,2018-03-29T12:59:19.483000Z
1.2318,1.23184,3750000.0,3450000.0477,2018-03-29T12:59:20.528000Z
1.2318200000000001,1.2318600000000002,4500000.0,1009999.9905,2018-03-29T12:59:20.736000Z
1.23181,1.2318500000000001,3369999.8856,5320000.1717,2018-03-29T12:59:20.910000Z
1.23181,1.23184,1000000.0,1759999.9905,2018-03-29T12:59:21.013000Z
1.23181,1.23184,1500000.0,2140000.1049,2018-03-29T12:59:21.549000Z
1.23183,1.2318500000000001,1000000.0,1070000.0525,2018-03-29T12:59:23.073000Z
1.23184,1.2318700000000002,1100000.0238,6639999.8665,2018-03-29T12:59:23.244000Z
1.23183,1.2318700000000002,1870000.0048,3259999.9905,2018-03-29T12:59:24.085000Z
1.23183,1.23184,1870000.0048,1120000.0048,2018-03-29T12:59:25.152000Z
1.23181,1.23184,2319999.9332,1870000.0048,2018-03-29T12:59:25.203000Z
1.2318200000000001,1.23184,1500000.0,1000000.0,2018-03-29T12:59:25.577000Z
1.23184,1.2318600000000002,1000000.0,1500000.0,2018-03-29T12:59:25.681000Z
1.23183,1.2318600000000002,1120000.0048,2319999.9332,2018-03-29T12:59:30.166000Z
1.2318500000000001,1.2318700000000002,1000000.0,3819999.9332,2018-03-29T12:59:30.530000Z
1.23184,1.2318700000000002,1000000.0,4010000.2289,2018-03-29T12:59:31.088000Z
1.23183,1.2318700000000002,7760000.2289,2890000.1049,2018-03-29T12:59:31.617000Z
1.23183,1.2318600000000002,1120000.0048,2319999.9332,2018-03-29T12:59:32.570000Z
1.2318500000000001,1.2318700000000002,1000000.0,1200000.0477,2018-03-29T12:59:33.141000Z
1.23184,1.23188,1500000.0,5699999.8093,2018-03-29T12:59:33.244000Z
1.23184,1.23188,1500000.0,6070000.1717,2018-03-29T12:59:33.750000Z
1.23184,1.2318700000000002,1000000.0,1320000.0525,2018-03-29T12:59:34.288000Z
1.23183,1.2318500000000001,4309999.9428,3940000.0572,2018-03-29T12:59:34.457000Z
1.23181,1.23183,1000000.0,1309999.9428,2018-03-29T12:59:34.610000Z
1.23181,1.23183,1000000.0,2359999.8951,2018-03-29T12:59:35.118000Z
1.2318,1.23183,2059999.9428,1200000.0477,2018-03-29T12:59:35.670000Z
1.23183,1.2318500000000001,1000000.0,1870000.0048,2018-03-29T12:59:35.773000Z
1.23181,1.2318500000000001,5619999.8856,1419999.9571,2018-03-29T12:59:36.370000Z
1.23181,1.2318600000000002,3640000.1049,8170000.0763,2018-03-29T12:59:37.125000Z
1.23181,1.2318500000000001,8039999.9619,3970000.0286,2018-03-29T12:59:37.901000Z
1.23181,1.2318500000000001,11180000.3052,5469999.7902,2018-03-29T12:59:38.457000Z
1.23184,1.2318600000000002,1000000.0,1100000.0238,2018-03-29T12:59:38.846000Z
1.2318500000000001,1.2318700000000002,6250000.0,5699999.8093,2018-03-29T12:59:39.340000Z
1.2318500000000001,1.2318600000000002,3750000.0,1100000.0238,2018-03-29T12:59:39.861000Z
1.2318500000000001,1.2318700000000002,6250000.0,4500000.0,2018-03-29T12:59:40.374000Z
1.23184,1.2318600000000002,3000000.0,1000000.0,2018-03-29T12:59:40.975000Z
1.23184,1.2318600000000002,2700000.0477,1000000.0,2018-03-29T12:59:42.714000Z
1.23183,1.2318500000000001,1200000.0477,1000000.0,2018-03-29T12:59:43.227000Z
1.23184,1.2318500000000001,1100000.0238,1120000.0048,2018-03-29T12:59:44.897000Z
1.2318500000000001,1.2318600000000002,2250000.0,1200000.0477,2018-03-29T12:59:45.893000Z
1.2318500000000001,1.2318700000000002,2250000.0,2809999.9428,2018-03-29T12:59:46.415000Z
1.23184,1.23188,9449999.8093,5699999.8093,2018-03-29T12:59:46.929000Z
1.2318500000000001,1.2318700000000002,2250000.0,1500000.0,2018-03-29T12:59:47.461000Z
1.2318500000000001,1.23188,3000000.0,5889999.8665,2018-03-29T12:59:47.970000Z
1.2318500000000001,1.2318700000000002,2319999.9332,1500000.0,2018-03-29T12:59:48.484000Z
1.2318500000000001,1.23188,1950000.0477,1389999.9857,2018-03-29T12:59:49.008000Z
1.2318700000000002,1.2319,9000000.0,12789999.9619,2018-03-29T12:59:49.164000Z
1.2318700000000002,1.2319,3450000.0477,2809999.9428,2018-03-29T12:59:49.727000Z
1.2318700000000002,1.23189,4500000.0,1289999.9619,2018-03-29T12:59:50.134000Z
1.2318600000000002,1.2318700000000002,4500000.0,1000000.0,2018-03-29T12:59:50.668000Z
1.23188,1.2319,7500000.0,1950000.0477,2018-03-29T12:59:51.033000Z
1.2318600000000002,1.23188,7500000.0,1100000.0238,2018-03-29T12:59:51.345000Z
1.2318600000000002,1.23189,3000000.0,1759999.9905,2018-03-29T12:59:51.884000Z
1.2318600000000002,1.23188,2250000.0,1009999.9905,2018-03-29T12:59:52.423000Z
1.2318500000000001,1.23188,9560000.4196,1950000.0477,2018-03-29T12:59:54.614000Z
1.2318700000000002,1.23188,1000000.0,1120000.0048,2018-03-29T12:59:55.188000Z
1.23188,1.23191,3369999.8856,3819999.9332,2018-03-29T12:59:55.343000Z
1.23189,1.23191,1120000.0048,1200000.0477,2018-03-29T12:59:55.856000Z
1.23188,1.23191,5059999.9428,1570000.0525,2018-03-29T12:59:56.952000Z
1.23189,1.23191,1309999.9428,1570000.0525,2018-03-29T12:59:57.468000Z
1.23188,1.2319,2250000.0,3190000.0572,2018-03-29T12:59:58.060000Z
1.2318600000000002,1.23189,3369999.8856,1000000.0,2018-03-29T12:59:58.162000Z
1.23189,1.2319,4500000.0,1100000.0238,2018-03-29T12:59:58.366000Z
1.23189,1.23191,2059999.9428,1100000.0238,2018-03-29T12:59:58.469000Z
1.23188,1.2319,1000000.0,1100000.0238,2018-03-29T12:59:59.017000Z
1.23189,1.2319,2250000.0,1000000.0,2018-03-29T12:59:59.589000Z
1.2318600000000002,1.23189,3640000.1049,1570000.0525,2018-03-29T13:00:00.098000Z
1.2318600000000002,1.23188,1120000.0048,1389999.9857,2018-03-29T13:00:00.204000Z
1.23184,1.2318600000000002,2619999.8856,4500000.0,2018-03-29T13:00:00.358000Z
1.2318200000000001,1.2318600000000002,2700000.0477,4199999.8093,2018-03-29T13:00:00.410000Z
1.23184,1.2318600000000002,1309999.9428,2319999.9332,2018-03-29T13:00:00.461000Z
1.2318200000000001,1.23184,4690000.0572,1100000.0238,2018-03-29T13:00:00.688000Z
1.23178,1.23181,7690000.0572,1120000.0048,2018-03-29T13:00:00.791000Z
1.23178,1.2318,1000000.0,1070000.0525,2018-03-29T13:00:00.893000Z
1.2317500000000001,1.23179,3190000.0572,5510000.2289,2018-03-29T13:00:01.265000Z
1.2317500000000001,1.23179,2619999.8856,7800000.1907,2018-03-29T13:00:01.783000Z
1.2317500000000001,1.23179,2619999.8856,8550000.1907,2018-03-29T13:00:01.834000Z
1.2317500000000001,1.23179,2059999.9428,5739999.7711,2018-03-29T13:00:01.954000Z
1.23177,1.23178,1000000.0,3069999.9332,2018-03-29T13:00:02.363000Z
1.23178,1.23179,7119999.8856,1100000.0238,2018-03-29T13:00:02.466000Z
1.23179,1.23181,3940000.0572,1100000.0238,2018-03-29T13:00:02.670000Z
1.2318,1.23181,1000000.0,1100000.0238,2018-03-29T13:00:03.199000Z
1.23179,1.23181,6369999.8856,1100000.0238,2018-03-29T13:00:03.741000Z
1.23181,1.2318200000000001,3000000.0,1100000.0238,2018-03-29T13:00:04.134000Z
1.23181,1.23184,3369999.8856,1950000.0477,2018-03-29T13:00:04.188000Z
1.23183,1.2318500000000001,2250000.0,1450000.0477,2018-03-29T13:00:04.673000Z
1.23183,1.2318600000000002,9189999.5804,6449999.8093,2018-03-29T13:00:05.195000Z
1.23183,1.2318600000000002,12189999.5804,3069999.9332,2018-03-29T13:00:05.248000Z
1.23184,1.2318600000000002,2250000.0,2700000.0477,2018-03-29T13:00:05.855000Z
1.2318500000000001,1.2318700000000002,2440000.0572,1100000.0238,2018-03-29T13:00:07.116000Z
1.23188,1.2319,1120000.0048,1950000.0477,2018-03-29T13:00:07.271000Z
1.2319600000000002,1.23199,2250000.0,3069999.9332,2018-03-29T13:00:07.741000Z
1.2319600000000002,1.23199,2440000.0572,1690000.0572,2018-03-29T13:00:08.256000Z
1.23198,1.232,8250000.0,3190000.0572,2018-03-29T13:00:08.598000Z
1.23201,1.23203,1000000.0,2509999.9905,2018-03-29T13:00:08.650000Z
1.232,1.23203,3190000.0572,1690000.0572,2018-03-29T13:00:09.163000Z
1.23201,1.23204,3000000.0,1120000.0048,2018-03-29T13:00:09.423000Z
1.23205,1.23208,1000000.0,3640000.1049,2018-03-29T13:00:09.839000Z
1.2320200000000001,1.23204,2890000.1049,1000000.0,2018-03-29T13:00:10.154000Z
1.23201,1.23204,1100000.0238,3599999.9046,2018-03-29T13:00:10.260000Z
1.232,1.23204,2890000.1049,4539999.9619,2018-03-29T13:00:11.409000Z
1.232,1.23201,1950000.0477,1120000.0048,2018-03-29T13:00:11.624000Z
1.23199,1.2320200000000001,3369999.8856,1500000.0,2018-03-29T13:00:11.678000Z
1.232,1.2320200000000001,4500000.0,1500000.0,2018-03-29T13:00:12.297000Z
1.23199,1.23201,1309999.9428,1690000.0572,2018-03-29T13:00:13.274000Z
1.23199,1.2320200000000001,1120000.0048,2700000.0477,2018-03-29T13:00:13.800000Z
1.23203,1.23204,1120000.0048,1990000.0095,2018-03-29T13:00:13.853000Z
1.23204,1.2320600000000002,1120000.0048,1389999.9857,2018-03-29T13:00:13.907000Z
1.23205,1.2320700000000002,4500000.0,1120000.0048,2018-03-29T13:00:14.430000Z
1.23204,1.2320700000000002,3190000.0572,1120000.0048,2018-03-29T13:00:14.940000Z
1.2320600000000002,1.23208,1000000.0,3000000.0,2018-03-29T13:00:15.095000Z
1.23205,1.23208,3000000.0,3819999.9332,2018-03-29T13:00:15.608000Z
1.23208,1.2321,1120000.0048,4199999.8093,2018-03-29T13:00:16.098000Z
1.2320600000000002,1.2320900000000001,2440000.0572,1669999.9571,2018-03-29T13:00:16.150000Z
1.23208,1.2321,1200000.0477,1500000.0,2018-03-29T13:00:16.457000Z
1.2321,1.23212,4949999.8093,2099999.9046,2018-03-29T13:00:16.659000Z
1.23212,1.23214,1000000.0,3599999.9046,2018-03-29T13:00:16.813000Z
1.2321,1.23213,3450000.0477,2140000.1049,2018-03-29T13:00:17.222000Z
1.2321,1.23213,1120000.0048,3789999.9619,2018-03-29T13:00:17.769000Z
1.2320900000000001,1.2321,1200000.0477,3000000.0,2018-03-29T13:00:17.822000Z
1.2320700000000002,1.2321,5889999.8665,2250000.0,2018-03-29T13:00:17.924000Z
1.2320900000000001,1.23211,2319999.9332,1120000.0048,2018-03-29T13:00:18.027000Z
1.2320700000000002,1.2321,1100000.0238,6219999.7902,2018-03-29T13:00:18.541000Z
1.23208,1.2321,3369999.8856,1100000.0238,2018-03-29T13:00:19.173000Z
1.23208,1.2321,1120000.0048,1000000.0,2018-03-29T13:00:19.723000Z
1.2320900000000001,1.2321,2250000.0,1120000.0048,2018-03-29T13:00:21.503000Z
1.2321,1.23212,1309999.9428,3410000.0858,2018-03-29T13:00:21.607000Z
1.23213,1.23214,1000000.0,6000000.0,2018-03-29T13:00:21.997000Z
1.23213,1.23215,1500000.0,1200000.0477,2018-03-29T13:00:22.049000Z
1.23214,1.23215,1950000.0477,1000000.0,2018-03-29T13:00:22.588000Z
1.23211,1.23214,2700000.0477,2809999.9428,2018-03-29T13:00:22.912000Z
1.23211,1.23213,1389999.9857,1500000.0,2018-03-29T13:00:23.483000Z
1.2321,1.23214,6820000.1717,3369999.8856,2018-03-29T13:00:24.296000Z
1.23211,1.23214,4389999.8665,3940000.0572,2018-03-29T13:00:24.967000Z
1.23214,1.2321600000000001,2059999.9428,3220000.0286,2018-03-29T13:00:25.216000Z
1.23211,1.23213,1570000.0525,1000000.0,2018-03-29T13:00:25.531000Z
1.2320900000000001,1.23213,5889999.8665,3190000.0572,2018-03-29T13:00:26.591000Z
1.2320900000000001,1.2321,1700000.0477,1000000.0,2018-03-29T13:00:27.114000Z
1.23205,1.2320900000000001,10949999.8093,3000000.0,2018-03-29T13:00:27.308000Z
1.2320900000000001,1.23211,1309999.9428,3640000.1049,2018-03-29T13:00:27.565000Z
1.2321,1.23212,1870000.0048,1000000.0,2018-03-29T13:00:27.821000Z
1.2321,1.23213,1759999.9905,1950000.0477,2018-03-29T13:00:28.448000Z
1.2321,1.23212,1759999.9905,3750000.0,2018-03-29T13:00:28.968000Z
1.2320600000000002,1.2320900000000001,8319999.6948,1500000.0,2018-03-29T13:00:29.375000Z
1.23208,1.2321,1500000.0,1000000.0,2018-03-29T13:00:29.740000Z
