bid,ask,bid_vol,ask_vol,time
1.1337700000000002,1.13379,1120000.0048,1500000.0,2018-10-31T12:45:00.062000Z
1.13376,1.13379,4010000.2289,1120000.0048,2018-10-31T12:45:00.572000Z
1.13376,1.13378,1000000.0,1000000.0,2018-10-31T12:45:02.866000Z
1.13376,1.13379,1690000.0572,3369999.8856,2018-10-31T12:45:03.386000Z
1.13376,1.13379,4199999.8093,1000000.0,2018-10-31T12:45:05.403000Z
1.13376,1.1338000000000001,5699999.8093,2250000.0,2018-10-31T12:45:06.433000Z
1.13378,1.1338000000000001,1000000.0,3000000.0,2018-10-31T12:45:06.693000Z
1.13379,1.13382,1870000.0048,4889999.8665,2018-10-31T12:45:07.220000Z
1.1337700000000002,1.1338000000000001,2509999.9905,1500000.0,2018-10-31T12:45:07.431000Z
1.13378,1.1338000000000001,1000000.0,2250000.0,2018-10-31T12:45:07.938000Z
1.1337700000000002,1.1338000000000001,4760000.2289,1000000.0,2018-10-31T12:45:08.482000Z
1.13379,1.13381,1570000.0525,2440000.0572,2018-10-31T12:45:08.932000Z
1.13378,1.1338000000000001,1200000.0477,1000000.0,2018-10-31T12:45:09.462000Z
1.13378,1.13381,1200000.0477,2509999.9905,2018-10-31T12:45:09.977000Z
1.13378,1.1338000000000001,2059999.9428,1250000.0,2018-10-31T12:45:11.469000Z
1.13378,1.13379,1120000.0048,1000000.0,2018-10-31T12:45:11.991000Z
1.13378,1.1338000000000001,1120000.0048,1000000.0,2018-10-31T12:45:12.534000Z
1.1337700000000002,1.13381,6489999.7711,3750000.0,2018-10-31T12:45:14.099000Z
1.13378,1.1338000000000001,1120000.0048,1000000.0,2018-10-31T12:45:14.601000Z
1.13378,1.13381,1389999.9857,1500000.0,2018-10-31T12:45:16.353000Z
1.1337700000000002,1.1338000000000001,2319999.9332,1500000.0,2018-10-31T12:45:16.884000Z
1.13379,1.1338000000000001,1000000.0,1000000.0,2018-10-31T12:45:17.688000Z
1.13379,1.13382,2059999.9428,1000000.0,2018-10-31T12:45:17.999000Z
1.13379,1.1338000000000001,1200000.0477,1000000.0,2018-10-31T12:45:18.104000Z
1.13378,1.1338000000000001,1120000.0048,1250000.0,2018-10-31T12:45:18.606000Z
1.13378,1.13381,1120000.0048,1690000.0572,2018-10-31T12:45:20.229000Z
1.13378,1.1338000000000001,1120000.0048,1000000.0,2018-10-31T12:45:20.769000Z
1.13378,1.13379,1120000.0048,1000000.0,2018-10-31T12:45:24.485000Z
1.13378,1.1338000000000001,2569999.9332,1500000.0,2018-10-31T12:45:25.049000Z
1.13378,1.1338000000000001,2009999.9905,1500000.0,2018-10-31T12:45:25.552000Z
1.13379,1.13382,6639999.8665,1000000.0,2018-10-31T12:45:25.918000Z
1.13382,1.13383,1000000.0,1500000.0,2018-10-31T12:45:26.640000Z
1.1338000000000001,1.13382,2740000.0095,2250000.0,2018-10-31T12:45:26.797000Z
1.1338000000000001,1.13381,1000000.0,1000000.0,2018-10-31T12:45:27.728000Z
1.1338000000000001,1.13382,1000000.0,1500000.0,2018-10-31T12:45:28.229000Z
1.1338000000000001,1.13383,2700000.0477,1000000.0,2018-10-31T12:45:31.420000Z
1.1338000000000001,1.13383,4449999.8093,1000000.0,2018-10-31T12:45:32.044000Z
1.1338000000000001,1.13383,3069999.9332,1000000.0,2018-10-31T12:45:32.558000Z
1.1338000000000001,1.13384,3069999.9332,3190000.0572,2018-10-31T12:45:33.156000Z
1.13381,1.13384,1000000.0,3000000.0,2018-10-31T12:45:33.676000Z
1.1338000000000001,1.13384,3259999.9905,2440000.0572,2018-10-31T12:45:34.481000Z
1.1338000000000001,1.13383,2509999.9905,1000000.0,2018-10-31T12:45:35.053000Z
1.13381,1.13383,1000000.0,1500000.0,2018-10-31T12:45:36.911000Z
1.1338000000000001,1.13383,4010000.2289,1500000.0,2018-10-31T12:45:37.455000Z
1.1338000000000001,1.13381,1000000.0,1250000.0,2018-10-31T12:45:37.879000Z
1.13378,1.1338000000000001,1500000.0,3000000.0,2018-10-31T12:45:38.194000Z
1.13378,1.13379,1570000.0525,1000000.0,2018-10-31T12:45:38.744000Z
1.1337700000000002,1.13379,2700000.0477,1000000.0,2018-10-31T12:45:40.102000Z
1.13379,1.1338000000000001,2250000.0,1500000.0,2018-10-31T12:45:40.429000Z
1.13378,1.1338000000000001,1950000.0477,1000000.0,2018-10-31T12:45:41.491000Z
1.13378,1.13379,1000000.0,1500000.0,2018-10-31T12:45:43.770000Z
1.13376,1.1337700000000002,1000000.0,1000000.0,2018-10-31T12:45:44.032000Z
1.13374,1.1337700000000002,1269999.9809,1000000.0,2018-10-31T12:45:44.171000Z
1.13374,1.1337700000000002,2019999.9809,1500000.0,2018-10-31T12:45:44.693000Z
1.13374,1.13375,1100000.0238,1000000.0,2018-10-31T12:45:45.195000Z
1.13372,1.13374,1000000.0,1000000.0,2018-10-31T12:45:45.250000Z
1.13371,1.13372,1000000.0,1500000.0,2018-10-31T12:45:45.357000Z
1.13368,1.1337000000000002,3259999.9905,1000000.0,2018-10-31T12:45:45.465000Z
1.1336700000000002,1.13369,2319999.9332,1500000.0,2018-10-31T12:45:46.472000Z
1.1336600000000001,1.13368,1120000.0048,1000000.0,2018-10-31T12:45:46.879000Z
1.1336600000000001,1.13369,1500000.0,1500000.0,2018-10-31T12:45:46.985000Z
1.1336600000000001,1.1337000000000002,3069999.9332,2250000.0,2018-10-31T12:45:47.521000Z
1.13368,1.1337000000000002,3940000.0572,1000000.0,2018-10-31T12:45:48.342000Z
1.13368,1.13372,7010000.2289,1500000.0,2018-10-31T12:45:48.449000Z
1.1337000000000002,1.13372,1000000.0,1500000.0,2018-10-31T12:45:49.594000Z
1.1337000000000002,1.13373,2319999.9332,1000000.0,2018-10-31T12:45:50.124000Z
1.13371,1.13374,1470000.0286,2250000.0,2018-10-31T12:45:50.669000Z
1.13371,1.13373,2700000.0477,1000000.0,2018-10-31T12:45:53.418000Z
1.13371,1.13374,2700000.0477,1690000.0572,2018-10-31T12:45:53.938000Z
1.13371,1.13372,1000000.0,1000000.0,2018-10-31T12:45:54.349000Z
1.13371,1.13374,1250000.0,1500000.0,2018-10-31T12:45:54.402000Z
1.13371,1.13374,1659999.9666,1500000.0,2018-10-31T12:45:55.002000Z
1.13372,1.13375,1009999.9905,1500000.0,2018-10-31T12:45:55.544000Z
1.13372,1.13375,1759999.9905,1500000.0,2018-10-31T12:45:56.061000Z
1.13375,1.13376,1000000.0,1000000.0,2018-10-31T12:45:56.353000Z
1.13375,1.1337700000000002,1120000.0048,1500000.0,2018-10-31T12:45:56.954000Z
1.13375,1.13378,4570000.1717,1000000.0,2018-10-31T12:45:58.270000Z
1.13375,1.13379,9479999.5422,1000000.0,2018-10-31T12:45:58.788000Z
1.13375,1.13376,1950000.0477,1500000.0,2018-10-31T12:45:59.130000Z
1.13372,1.13374,2619999.8856,1000000.0,2018-10-31T12:45:59.184000Z
1.13371,1.13374,3450000.0477,1690000.0572,2018-10-31T12:46:00.707000Z
1.13371,1.13374,2890000.1049,1500000.0,2018-10-31T12:46:01.209000Z
1.13372,1.13375,1250000.0,4309999.9428,2018-10-31T12:46:02.546000Z
1.13375,1.1337700000000002,1120000.0048,1000000.0,2018-10-31T12:46:08.770000Z
1.13375,1.13378,5320000.1717,1000000.0,2018-10-31T12:46:09.291000Z
1.13375,1.1337700000000002,1950000.0477,1690000.0572,2018-10-31T12:46:11.387000Z
1.13372,1.13375,1950000.0477,1500000.0,2018-10-31T12:46:11.735000Z
1.13372,1.13375,1200000.0477,1000000.0,2018-10-31T12:46:14.140000Z
1.13371,1.13375,3640000.1049,3190000.0572,2018-10-31T12:46:15.048000Z
1.13371,1.13374,2700000.0477,1000000.0,2018-10-31T12:46:15.568000Z
1.13372,1.13375,1200000.0477,3750000.0,2018-10-31T12:46:16.101000Z
1.13372,1.13374,1120000.0048,2250000.0,2018-10-31T12:46:18.161000Z
1.13371,1.13374,3819999.9332,1000000.0,2018-10-31T12:46:19.056000Z
1.13371,1.13374,4010000.2289,1250000.0,2018-10-31T12:46:19.563000Z
1.13371,1.13375,3819999.9332,6190000.0572,2018-10-31T12:46:20.715000Z
1.13371,1.13374,1200000.0477,1000000.0,2018-10-31T12:46:21.243000Z
1.1337000000000002,1.13373,7010000.2289,1000000.0,2018-10-31T12:46:23.339000Z
1.13372,1.13374,1120000.0048,1000000.0,2018-10-31T12:46:24.723000Z
1.13375,1.13379,4389999.8665,1000000.0,2018-10-31T12:46:25.007000Z
1.13375,1.13379,4389999.8665,1250000.0,2018-10-31T12:46:25.525000Z
1.13374,1.1337700000000002,3259999.9905,2619999.8856,2018-10-31T12:46:25.943000Z
1.13376,1.13379,1120000.0048,1120000.0048,2018-10-31T12:46:26.103000Z
1.1337700000000002,1.13381,7010000.2289,2250000.0,2018-10-31T12:46:26.289000Z
1.1338000000000001,1.13384,1950000.0477,4119999.8856,2018-10-31T12:46:26.606000Z
1.1338000000000001,1.13384,3450000.0477,3750000.0,2018-10-31T12:46:26.909000Z
1.1338000000000001,1.13384,1950000.0477,5250000.0,2018-10-31T12:46:27.013000Z
1.1338000000000001,1.13382,2700000.0477,2440000.0572,2018-10-31T12:46:27.432000Z
1.13382,1.13385,1870000.0048,4570000.1717,2018-10-31T12:46:29.640000Z
1.13388,1.1339000000000001,1370000.0048,19770000.4578,2018-10-31T12:46:30.023000Z
1.13389,1.1339100000000002,1500000.0,10170000.0763,2018-10-31T12:46:30.231000Z
1.13388,1.1339000000000001,1490000.0095,2500000.0,2018-10-31T12:46:30.368000Z
1.13385,1.13388,2319999.9332,5250000.0,2018-10-31T12:46:31Z
1.13386,1.13389,1950000.0477,3000000.0,2018-10-31T12:46:31.058000Z
1.1338700000000002,1.13388,1000000.0,1000000.0,2018-10-31T12:46:31.580000Z
1.13385,1.13389,2700000.0477,5250000.0,2018-10-31T12:46:32.100000Z
1.13382,1.13386,3640000.1049,3559999.9428,2018-10-31T12:46:32.442000Z
1.13382,1.13385,2890000.1049,1500000.0,2018-10-31T12:46:32.944000Z
1.13382,1.13385,2890000.1049,1000000.0,2018-10-31T12:46:33.495000Z
1.13382,1.13384,1000000.0,3940000.0572,2018-10-31T12:46:34.067000Z
1.1338000000000001,1.13382,1570000.0525,5059999.9428,2018-10-31T12:46:34.247000Z
1.13379,1.13381,1470000.0286,1000000.0,2018-10-31T12:46:34.795000Z
1.1337700000000002,1.13379,7949999.8093,1250000.0,2018-10-31T12:46:35.421000Z
1.13379,1.1338000000000001,1000000.0,1690000.0572,2018-10-31T12:46:35.746000Z
1.1337700000000002,1.13378,1120000.0048,1000000.0,2018-10-31T12:46:35.852000Z
1.13376,1.13378,1470000.0286,1000000.0,2018-10-31T12:46:36.408000Z
1.13376,1.1337700000000002,1200000.0477,1000000.0,2018-10-31T12:46:38.619000Z
1.13376,1.13379,1950000.0477,2250000.0,2018-10-31T12:46:38.672000Z
1.13379,1.1338000000000001,1000000.0,1000000.0,2018-10-31T12:46:38.889000Z
1.13379,1.13381,1000000.0,2250000.0,2018-10-31T12:46:39.432000Z
1.13378,1.13379,1120000.0048,1500000.0,2018-10-31T12:46:40.057000Z
1.13376,1.1337700000000002,1100000.0238,1000000.0,2018-10-31T12:46:40.255000Z
1.13375,1.13378,1120000.0048,1870000.0048,2018-10-31T12:46:40.781000Z
1.13375,1.13379,1950000.0477,4500000.0,2018-10-31T12:46:41.596000Z
1.13375,1.1337700000000002,2619999.8856,2250000.0,2018-10-31T12:46:41.939000Z
1.13373,1.13375,5440000.0572,1000000.0,2018-10-31T12:46:41.992000Z
1.13371,1.13374,1500000.0,4119999.8856,2018-10-31T12:46:42.201000Z
1.13371,1.13372,1000000.0,1500000.0,2018-10-31T12:46:42.254000Z
1.1337000000000002,1.13372,1870000.0048,1500000.0,2018-10-31T12:46:42.771000Z
1.1337000000000002,1.13371,3000000.0,1000000.0,2018-10-31T12:46:43.306000Z
1.1337000000000002,1.13372,2250000.0,1500000.0,2018-10-31T12:46:43.809000Z
1.1337000000000002,1.13371,1570000.0525,1500000.0,2018-10-31T12:46:45.932000Z
1.13369,1.1337000000000002,1500000.0,1000000.0,2018-10-31T12:46:46.484000Z
1.1336600000000001,1.13369,3369999.8856,3369999.8856,2018-10-31T12:46:46.539000Z
1.13364,1.1336600000000001,2619999.8856,1000000.0,2018-10-31T12:46:46.725000Z
1.13363,1.13365,4389999.8665,1500000.0,2018-10-31T12:46:46.786000Z
1.13365,1.1336600000000001,2619999.8856,3750000.0,2018-10-31T12:46:47.653000Z
1.1336700000000002,1.13369,1120000.0048,3369999.8856,2018-10-31T12:46:47.767000Z
1.13365,1.1337000000000002,7690000.0572,9819999.6948,2018-10-31T12:46:48.032000Z
1.13365,1.13368,5889999.8665,1000000.0,2018-10-31T12:46:48.528000Z
1.13365,1.13369,6639999.8665,1000000.0,2018-10-31T12:46:49.047000Z
1.1336600000000001,1.1337000000000002,1500000.0,7869999.8856,2018-10-31T12:46:49.548000Z
1.1336600000000001,1.13368,1500000.0,2250000.0,2018-10-31T12:46:50.462000Z
1.1336600000000001,1.13369,1500000.0,4500000.0,2018-10-31T12:46:51.541000Z
1.1336700000000002,1.1337000000000002,2809999.9428,2250000.0,2018-10-31T12:46:52.047000Z
1.13369,1.13371,4389999.8665,1000000.0,2018-10-31T12:46:52.365000Z
1.13369,1.13372,2890000.1049,2250000.0,2018-10-31T12:46:52.902000Z
1.1336700000000002,1.1337000000000002,5059999.9428,1000000.0,2018-10-31T12:46:53.322000Z
1.1336700000000002,1.13369,1000000.0,1000000.0,2018-10-31T12:46:53.849000Z
1.1336600000000001,1.13369,1500000.0,1870000.0048,2018-10-31T12:46:54.428000Z
1.13364,1.1336600000000001,3450000.0477,2500000.0,2018-10-31T12:46:54.536000Z
1.13363,1.13365,2059999.9428,1000000.0,2018-10-31T12:46:55.104000Z
1.13361,1.13364,2059999.9428,3000000.0,2018-10-31T12:46:55.713000Z
1.13361,1.13363,3890000.1049,1000000.0,2018-10-31T12:46:56.250000Z
1.13361,1.13363,1500000.0,1000000.0,2018-10-31T12:46:56.407000Z
1.1336000000000002,1.13362,2809999.9428,1000000.0,2018-10-31T12:46:56.933000Z
1.13361,1.13363,1100000.0238,2849999.9046,2018-10-31T12:46:57.466000Z
1.13361,1.13362,1100000.0238,1000000.0,2018-10-31T12:46:58.814000Z
1.13361,1.13363,1100000.0238,1350000.0238,2018-10-31T12:46:59.326000Z
1.13362,1.13365,2509999.9905,1500000.0,2018-10-31T12:46:59.491000Z
1.13364,1.1336700000000002,4690000.0572,1500000.0,2018-10-31T12:46:59.807000Z
1.13365,1.13369,3640000.1049,1120000.0048,2018-10-31T12:47:00.125000Z
1.1336600000000001,1.1337000000000002,1120000.0048,2250000.0,2018-10-31T12:47:00.756000Z
1.13368,1.13371,1309999.9428,1000000.0,2018-10-31T12:47:00.979000Z
1.13369,1.1337000000000002,1000000.0,1000000.0,2018-10-31T12:47:01.501000Z
1.1336700000000002,1.13368,1000000.0,1000000.0,2018-10-31T12:47:05.472000Z
1.1336600000000001,1.1336700000000002,1100000.0238,1000000.0,2018-10-31T12:47:06.702000Z
1.13364,1.13365,1000000.0,2250000.0,2018-10-31T12:47:07.053000Z
1.13363,1.1336600000000001,2250000.0,3000000.0,2018-10-31T12:47:07.567000Z
1.13363,1.13365,1500000.0,1000000.0,2018-10-31T12:47:08.024000Z
1.13362,1.13363,2619999.8856,5250000.0,2018-10-31T12:47:09.528000Z
1.1336000000000002,1.13362,4389999.8665,1000000.0,2018-10-31T12:47:09.638000Z
1.1336000000000002,1.13363,1690000.0572,1500000.0,2018-10-31T12:47:11.097000Z
1.1336000000000002,1.13362,1690000.0572,1000000.0,2018-10-31T12:47:11.598000Z
1.1336000000000002,1.13364,3940000.0572,6000000.0,2018-10-31T12:47:11.915000Z
1.13359,1.13363,3640000.1049,1500000.0,2018-10-31T12:47:12.424000Z
1.13361,1.13362,1000000.0,1000000.0,2018-10-31T12:47:14.346000Z
1.1336000000000002,1.13363,1120000.0048,3000000.0,2018-10-31T12:47:14.886000Z
1.13358,1.13361,5139999.8665,1000000.0,2018-10-31T12:47:15.467000Z
1.1335600000000001,1.13359,4949999.8093,1000000.0,2018-10-31T12:47:15.679000Z
1.1335600000000001,1.1336000000000002,8140000.3433,4869999.8856,2018-10-31T12:47:16.203000Z
1.13359,1.1336000000000002,2250000.0,1000000.0,2018-10-31T12:47:16.720000Z
1.13359,1.13362,3559999.9428,1000000.0,2018-10-31T12:47:17.244000Z
1.13359,1.13361,1500000.0,1000000.0,2018-10-31T12:47:17.989000Z
1.13358,1.1336000000000002,1389999.9857,1500000.0,2018-10-31T12:47:18.503000Z
1.1335700000000002,1.13359,3640000.1049,1000000.0,2018-10-31T12:47:19.023000Z
1.1335700000000002,1.1336000000000002,4760000.2289,1000000.0,2018-10-31T12:47:20.686000Z
1.1335700000000002,1.13361,2529999.9714,6000000.0,2018-10-31T12:47:21.228000Z
1.1335700000000002,1.1336000000000002,3640000.1049,1500000.0,2018-10-31T12:47:22.532000Z
1.1335700000000002,1.13361,5510000.2289,3000000.0,2018-10-31T12:47:23.148000Z
1.13358,1.1336000000000002,1120000.0048,1000000.0,2018-10-31T12:47:23.692000Z
1.13358,1.13361,1120000.0048,3000000.0,2018-10-31T12:47:24.353000Z
1.13358,1.1336000000000002,1120000.0048,1500000.0,2018-10-31T12:47:24.898000Z
1.1336000000000002,1.13362,1309999.9428,1000000.0,2018-10-31T12:47:25.421000Z
1.13361,1.13364,1000000.0,3190000.0572,2018-10-31T12:47:25.578000Z
1.13361,1.13364,4309999.9428,1500000.0,2018-10-31T12:47:26.086000Z
1.13364,1.1336600000000001,1000000.0,2700000.0477,2018-10-31T12:47:26.192000Z
1.13365,1.13368,2250000.0,2250000.0,2018-10-31T12:47:26.509000Z
1.13365,1.13369,3000000.0,5139999.8665,2018-10-31T12:47:28.323000Z
1.13365,1.13368,2250000.0,1000000.0,2018-10-31T12:47:28.837000Z
1.13363,1.1336700000000002,3640000.1049,1500000.0,2018-10-31T12:47:29.103000Z
1.13363,1.1336600000000001,2509999.9905,1690000.0572,2018-10-31T12:47:29.423000Z
1.13363,1.1336700000000002,1759999.9905,7130000.1144,2018-10-31T12:47:29.589000Z
1.13363,1.1336600000000001,2509999.9905,1000000.0,2018-10-31T12:47:30.721000Z
1.13363,1.1336700000000002,1759999.9905,4500000.0,2018-10-31T12:47:31.234000Z
1.13362,1.1336600000000001,4570000.1717,3559999.9428,2018-10-31T12:47:31.391000Z
1.13361,1.13363,1690000.0572,1500000.0,2018-10-31T12:47:31.827000Z
1.13359,1.13362,1950000.0477,3750000.0,2018-10-31T12:47:31.985000Z
1.13359,1.1336000000000002,1100000.0238,1000000.0,2018-10-31T12:47:32.182000Z
1.13358,1.1336000000000002,1000000.0,1500000.0,2018-10-31T12:47:33.983000Z
1.1335700000000002,1.13359,1870000.0048,1000000.0,2018-10-31T12:47:35.317000Z
1.13359,1.1336000000000002,1000000.0,3940000.0572,2018-10-31T12:47:35.970000Z
1.13359,1.13361,2890000.1049,1000000.0,2018-10-31T12:47:36.584000Z
1.13359,1.13361,1759999.9905,1000000.0,2018-10-31T12:47:37.169000Z
1.13359,1.13361,4760000.2289,1000000.0,2018-10-31T12:47:37.760000Z
1.13359,1.13361,5510000.2289,1000000.0,2018-10-31T12:47:38.402000Z
1.13359,1.13361,1309999.9428,1000000.0,2018-10-31T12:47:38.939000Z
1.13359,1.13361,1759999.9905,1000000.0,2018-10-31T12:47:39.623000Z
1.13359,1.13361,2140000.1049,1000000.0,2018-10-31T12:47:40.166000Z
1.13359,1.13361,2509999.9905,1000000.0,2018-10-31T12:47:41.680000Z
1.13359,1.13363,2509999.9905,17139999.3896,2018-10-31T12:47:42.217000Z
1.13359,1.13362,3640000.1049,6000000.0,2018-10-31T12:47:42.744000Z
1.13359,1.13361,1200000.0477,1000000.0,2018-10-31T12:47:43.453000Z
1.1335600000000001,1.13358,6070000.1717,1690000.0572,2018-10-31T12:47:43.926000Z
1.13355,1.13358,3069999.9332,6559999.9428,2018-10-31T12:47:43.978000Z
1.1335600000000001,1.13358,1100000.0238,1000000.0,2018-10-31T12:47:44.516000Z
1.13354,1.1335600000000001,2700000.0477,1000000.0,2018-10-31T12:47:45.104000Z
1.13352,1.13355,3069999.9332,1250000.0,2018-10-31T12:47:45.313000Z
1.13354,1.1335600000000001,2619999.8856,3000000.0,2018-10-31T12:47:45.568000Z
1.13353,1.1335700000000002,3819999.9332,5250000.0,2018-10-31T12:47:46.098000Z
1.13353,1.1335600000000001,2700000.0477,1000000.0,2018-10-31T12:47:46.619000Z
1.13355,1.13358,3000000.0,6000000.0,2018-10-31T12:47:47.467000Z
1.1335700000000002,1.13358,1000000.0,1000000.0,2018-10-31T12:47:48.569000Z
1.1335600000000001,1.13358,1570000.0525,1000000.0,2018-10-31T12:47:50.521000Z
1.1335600000000001,1.1335700000000002,1000000.0,1000000.0,2018-10-31T12:47:53.287000Z
1.13354,1.1335600000000001,1120000.0048,1000000.0,2018-10-31T12:47:53.340000Z
1.13353,1.1335700000000002,2319999.9332,11619999.8856,2018-10-31T12:47:54.767000Z
1.13352,1.13355,4199999.8093,1000000.0,2018-10-31T12:47:55.298000Z
1.13352,1.1335600000000001,3450000.0477,1250000.0,2018-10-31T12:47:55.814000Z
1.13351,1.13352,1100000.0238,1000000.0,2018-10-31T12:47:56.118000Z
1.13351,1.13355,2319999.9332,2440000.0572,2018-10-31T12:47:56.225000Z
1.13351,1.13354,2319999.9332,1000000.0,2018-10-31T12:47:56.747000Z
1.13351,1.13354,3069999.9332,1000000.0,2018-10-31T12:47:57.437000Z
1.13351,1.13355,3450000.0477,3000000.0,2018-10-31T12:47:58.129000Z
1.13353,1.1335600000000001,1000000.0,3000000.0,2018-10-31T12:47:58.647000Z
1.13354,1.1335600000000001,1000000.0,2250000.0,2018-10-31T12:47:59.192000Z
1.13354,1.13355,1000000.0,1000000.0,2018-10-31T12:47:59.985000Z
1.13354,1.1335600000000001,1000000.0,3190000.0572,2018-10-31T12:48:00.490000Z
1.13352,1.13354,1570000.0525,2500000.0,2018-10-31T12:48:00.965000Z
1.1335,1.13352,1000000.0,1500000.0,2018-10-31T12:48:01.070000Z
1.13348,1.13351,1870000.0048,1690000.0572,2018-10-31T12:48:01.231000Z
1.13351,1.13353,1200000.0477,4500000.0,2018-10-31T12:48:01.444000Z
1.13352,1.13354,2250000.0,1250000.0,2018-10-31T12:48:01.949000Z
1.1335,1.13351,1200000.0477,2619999.8856,2018-10-31T12:48:02.573000Z
1.13345,1.1334600000000001,1500000.0,3750000.0,2018-10-31T12:48:02.723000Z
1.13344,1.1334600000000001,1000000.0,2619999.8856,2018-10-31T12:48:03.245000Z
1.13344,1.1334600000000001,1000000.0,1870000.0048,2018-10-31T12:48:04.039000Z
1.13344,1.13345,1100000.0238,1250000.0,2018-10-31T12:48:04.606000Z
1.13343,1.13345,1870000.0048,1000000.0,2018-10-31T12:48:05.166000Z
1.13341,1.13343,1200000.0477,4389999.8665,2018-10-31T12:48:09.359000Z
1.1333700000000002,1.1334,5889999.8665,1000000.0,2018-10-31T12:48:09.472000Z
1.1333600000000001,1.1333700000000002,3450000.0477,1500000.0,2018-10-31T12:48:09.527000Z
1.13334,1.1333600000000001,3450000.0477,4690000.0572,2018-10-31T12:48:09.632000Z
1.13332,1.13335,1100000.0238,2440000.0572,2018-10-31T12:48:09.686000Z
1.1333600000000001,1.13338,1950000.0477,8250000.0,2018-10-31T12:48:09.994000Z
1.13335,1.13338,1570000.0525,1000000.0,2018-10-31T12:48:10.510000Z
1.13335,1.1333700000000002,1000000.0,1000000.0,2018-10-31T12:48:11.178000Z
1.13334,1.1333600000000001,1100000.0238,1000000.0,2018-10-31T12:48:11.958000Z
1.13332,1.13335,1950000.0477,1570000.0525,2018-10-31T12:48:12.067000Z
1.13331,1.13335,3259999.9905,4869999.8856,2018-10-31T12:48:13.142000Z
1.1333,1.13332,1200000.0477,1000000.0,2018-10-31T12:48:13.300000Z
1.13331,1.13334,1200000.0477,1000000.0,2018-10-31T12:48:13.758000Z
1.13333,1.13335,1000000.0,1000000.0,2018-10-31T12:48:14.021000Z
1.13332,1.13334,1000000.0,1000000.0,2018-10-31T12:48:14.229000Z
1.13333,1.13334,1000000.0,1000000.0,2018-10-31T12:48:15.075000Z
1.13332,1.13334,1000000.0,1500000.0,2018-10-31T12:48:15.621000Z
1.13331,1.13333,1100000.0238,1250000.0,2018-10-31T12:48:16.848000Z
1.13329,1.13333,4500000.0,1009999.9905,2018-10-31T12:48:16.955000Z
1.13331,1.13334,1100000.0238,1389999.9857,2018-10-31T12:48:17.412000Z
1.13329,1.13331,5699999.8093,2250000.0,2018-10-31T12:48:17.884000Z
1.1333,1.13335,1950000.0477,8140000.3433,2018-10-31T12:48:18.097000Z
1.13332,1.13335,1000000.0,1000000.0,2018-10-31T12:48:18.410000Z
1.13332,1.1333600000000001,1100000.0238,2809999.9428,2018-10-31T12:48:18.955000Z
1.1333600000000001,1.1334,2700000.0477,2059999.9428,2018-10-31T12:48:19.293000Z
1.1333700000000002,1.13341,1309999.9428,2140000.1049,2018-10-31T12:48:19.708000Z
1.13341,1.13343,1000000.0,1870000.0048,2018-10-31T12:48:19.926000Z
1.13341,1.13345,4570000.1717,1500000.0,2018-10-31T12:48:19.981000Z
1.13343,1.1334600000000001,1000000.0,1120000.0048,2018-10-31T12:48:20.243000Z
1.13343,1.1334700000000002,1000000.0,3259999.9905,2018-10-31T12:48:21.674000Z
1.13343,1.1334600000000001,1500000.0,1120000.0048,2018-10-31T12:48:22.242000Z
1.13342,1.13344,1570000.0525,1250000.0,2018-10-31T12:48:22.659000Z
1.13342,1.1334600000000001,2700000.0477,3259999.9905,2018-10-31T12:48:22.712000Z
1.13342,1.1334600000000001,4199999.8093,2809999.9428,2018-10-31T12:48:23.869000Z
1.13342,1.13345,3450000.0477,1250000.0,2018-10-31T12:48:24.389000Z
1.13344,1.1334700000000002,3000000.0,1250000.0,2018-10-31T12:48:24.567000Z
1.1334600000000001,1.13349,1100000.0238,3259999.9905,2018-10-31T12:48:24.883000Z
1.13345,1.13349,1570000.0525,1309999.9428,2018-10-31T12:48:25.454000Z
1.13345,1.13349,3450000.0477,1389999.9857,2018-10-31T12:48:26.132000Z
1.13345,1.1334700000000002,3069999.9332,1000000.0,2018-10-31T12:48:29.370000Z
1.13343,1.13345,1570000.0525,2059999.9428,2018-10-31T12:48:29.424000Z
1.13345,1.1334700000000002,1000000.0,1570000.0525,2018-10-31T12:48:32.976000Z
1.13352,1.13354,1000000.0,1950000.0477,2018-10-31T12:48:33.189000Z
1.13351,1.13355,3259999.9905,1000000.0,2018-10-31T12:48:33.983000Z
1.13352,1.13355,1500000.0,1000000.0,2018-10-31T12:48:34.284000Z
1.13352,1.1335600000000001,2319999.9332,1389999.9857,2018-10-31T12:48:37.584000Z
1.13352,1.1335600000000001,1870000.0048,1009999.9905,2018-10-31T12:48:38.099000Z
1.13352,1.1335600000000001,3640000.1049,1690000.0572,2018-10-31T12:48:38.854000Z
1.13354,1.1335600000000001,1000000.0,1000000.0,2018-10-31T12:48:39.478000Z
1.13352,1.1335600000000001,1759999.9905,2250000.0,2018-10-31T12:48:39.811000Z
1.13352,1.1335600000000001,1950000.0477,4570000.1717,2018-10-31T12:48:40.488000Z
1.13352,1.1335600000000001,2440000.0572,3640000.1049,2018-10-31T12:48:41.029000Z
1.13352,1.1335600000000001,1870000.0048,5889999.8665,2018-10-31T12:48:41.577000Z
1.13352,1.13355,1870000.0048,1500000.0,2018-10-31T12:48:42.078000Z
1.13352,1.1335600000000001,1500000.0,5139999.8665,2018-10-31T12:48:43.683000Z
1.13352,1.13355,1100000.0238,4389999.8665,2018-10-31T12:48:44.139000Z
1.13352,1.13355,1000000.0,1870000.0048,2018-10-31T12:48:44.641000Z
1.13352,1.13354,1100000.0238,1000000.0,2018-10-31T12:48:45.161000Z
1.1335,1.13354,5139999.8665,1309999.9428,2018-10-31T12:48:45.916000Z
1.1335,1.13352,1200000.0477,1000000.0,2018-10-31T12:48:46.076000Z
1.13351,1.13353,1000000.0,1250000.0,2018-10-31T12:48:46.618000Z
1.1335,1.13353,1250000.0,1000000.0,2018-10-31T12:48:47.775000Z
1.13349,1.13352,1950000.0477,1120000.0048,2018-10-31T12:48:49.256000Z
1.13351,1.13354,2250000.0,2809999.9428,2018-10-31T12:48:49.582000Z
1.1335,1.13351,4869999.8856,1500000.0,2018-10-31T12:48:49.945000Z
1.13345,1.1334600000000001,1000000.0,1250000.0,2018-10-31T12:48:50.050000Z
1.13342,1.13344,4570000.1717,1000000.0,2018-10-31T12:48:50.104000Z
1.13344,1.1334600000000001,1000000.0,2059999.9428,2018-10-31T12:48:50.279000Z
1.13343,1.1334600000000001,1000000.0,1120000.0048,2018-10-31T12:48:50.333000Z
1.13342,1.1334600000000001,3640000.1049,1120000.0048,2018-10-31T12:48:52.049000Z
1.13342,1.13343,1690000.0572,1000000.0,2018-10-31T12:48:52.105000Z
1.1333900000000001,1.13341,1500000.0,2250000.0,2018-10-31T12:48:52.210000Z
1.1333700000000002,1.1334,1570000.0525,2319999.9332,2018-10-31T12:48:52.475000Z
1.1333700000000002,1.1333900000000001,1000000.0,1000000.0,2018-10-31T12:48:53.561000Z
1.1333600000000001,1.1333900000000001,1200000.0477,1000000.0,2018-10-31T12:48:58.484000Z
1.1333600000000001,1.1334,3819999.9332,1500000.0,2018-10-31T12:48:59.032000Z
1.1333600000000001,1.1334,1870000.0048,6639999.8665,2018-10-31T12:48:59.563000Z
1.1333600000000001,1.1333900000000001,1950000.0477,1000000.0,2018-10-31T12:49:00.098000Z
1.13338,1.1334,1500000.0,1000000.0,2018-10-31T12:49:00.354000Z
1.1333700000000002,1.1334,1500000.0,1690000.0572,2018-10-31T12:49:00.884000Z
1.1333700000000002,1.1334,3450000.0477,1000000.0,2018-10-31T12:49:01.929000Z
1.13341,1.13344,1000000.0,3559999.9428,2018-10-31T12:49:02.132000Z
1.1333900000000001,1.13341,2250000.0,1690000.0572,2018-10-31T12:49:02.390000Z
1.1333900000000001,1.13341,1000000.0,1690000.0572,2018-10-31T12:49:02.934000Z
1.1333900000000001,1.13341,1950000.0477,1000000.0,2018-10-31T12:49:06.932000Z
1.1333900000000001,1.13341,1500000.0,1000000.0,2018-10-31T12:49:07.458000Z
1.1334,1.13341,1570000.0525,1000000.0,2018-10-31T12:49:08.651000Z
1.13342,1.13345,1000000.0,19950000.7629,2018-10-31T12:49:08.965000Z
1.13342,1.13344,1000000.0,1950000.0477,2018-10-31T12:49:09.543000Z
1.13343,1.13345,1000000.0,1500000.0,2018-10-31T12:49:09.596000Z
1.13342,1.13344,1759999.9905,1000000.0,2018-10-31T12:49:09.858000Z
1.13343,1.13344,1000000.0,1000000.0,2018-10-31T12:49:11.469000Z
1.13341,1.13344,3450000.0477,1500000.0,2018-10-31T12:49:11.526000Z
1.13338,1.13341,5139999.8665,2250000.0,2018-10-31T12:49:11.634000Z
1.13338,1.13341,1000000.0,3750000.0,2018-10-31T12:49:12.167000Z
1.13338,1.1334,1000000.0,1500000.0,2018-10-31T12:49:12.704000Z
1.1333700000000002,1.1334,2700000.0477,1000000.0,2018-10-31T12:49:14.532000Z
1.1333700000000002,1.1333900000000001,1120000.0048,1000000.0,2018-10-31T12:49:15.183000Z
1.1333700000000002,1.1334,1120000.0048,1500000.0,2018-10-31T12:49:16.642000Z
1.1333900000000001,1.13341,2809999.9428,1000000.0,2018-10-31T12:49:16.953000Z
1.13338,1.13341,1000000.0,4500000.0,2018-10-31T12:49:17.562000Z
1.13338,1.1334,1690000.0572,1000000.0,2018-10-31T12:49:18.145000Z
1.1334,1.13341,1000000.0,1000000.0,2018-10-31T12:49:18.518000Z
1.13341,1.13343,2059999.9428,1100000.0238,2018-10-31T12:49:18.782000Z
1.13341,1.13342,1000000.0,1250000.0,2018-10-31T12:49:18.836000Z
1.13341,1.13343,2619999.8856,1000000.0,2018-10-31T12:49:18.943000Z
1.13341,1.13344,1000000.0,3000000.0,2018-10-31T12:49:19.470000Z
1.13343,1.13344,1690000.0572,1000000.0,2018-10-31T12:49:20.373000Z
1.13343,1.1334600000000001,1100000.0238,1000000.0,2018-10-31T12:49:20.532000Z
1.13343,1.1334600000000001,1000000.0,3369999.8856,2018-10-31T12:49:21.048000Z
1.13343,1.1334600000000001,1000000.0,2619999.8856,2018-10-31T12:49:21.844000Z
1.13343,1.13345,1000000.0,1000000.0,2018-10-31T12:49:22.604000Z
1.13345,1.1334700000000002,1000000.0,10199999.8093,2018-10-31T12:49:22.970000Z
1.1334600000000001,1.13348,1000000.0,5619999.8856,2018-10-31T12:49:23.128000Z
1.1334600000000001,1.1334700000000002,1000000.0,1000000.0,2018-10-31T12:49:24.324000Z
1.1334600000000001,1.13348,1000000.0,1870000.0048,2018-10-31T12:49:24.977000Z
1.1334600000000001,1.13349,1000000.0,5630000.1144,2018-10-31T12:49:26.340000Z
1.1334600000000001,1.13348,1000000.0,1500000.0,2018-10-31T12:49:26.992000Z
1.1334600000000001,1.13349,1000000.0,6190000.0572,2018-10-31T12:49:27.516000Z
1.1334600000000001,1.13348,1000000.0,1500000.0,2018-10-31T12:49:28.060000Z
1.13348,1.1335,1690000.0572,1120000.0048,2018-10-31T12:49:28.267000Z
1.1334600000000001,1.13349,2140000.1049,1000000.0,2018-10-31T12:49:28.426000Z
1.1334700000000002,1.13349,1000000.0,2809999.9428,2018-10-31T12:49:28.964000Z
1.1334700000000002,1.13348,1000000.0,1000000.0,2018-10-31T12:49:29.789000Z
1.1334600000000001,1.13348,1000000.0,1000000.0,2018-10-31T12:49:30.310000Z
1.1334600000000001,1.13349,1000000.0,7500000.0,2018-10-31T12:49:32.216000Z
1.1335,1.13351,1500000.0,2700000.0477,2018-10-31T12:49:33.380000Z
1.1335,1.13352,1000000.0,1000000.0,2018-10-31T12:49:33.559000Z
1.13351,1.13353,1309999.9428,1000000.0,2018-10-31T12:49:34.164000Z
1.13355,1.1335600000000001,1120000.0048,1690000.0572,2018-10-31T12:49:34.218000Z
1.13353,1.13354,1120000.0048,1000000.0,2018-10-31T12:49:34.379000Z
1.13352,1.13354,1690000.0572,1000000.0,2018-10-31T12:49:35.090000Z
1.13353,1.13354,1000000.0,1000000.0,2018-10-31T12:49:36.509000Z
1.13354,1.1335600000000001,1000000.0,5250000.0,2018-10-31T12:49:36.615000Z
1.13354,1.13355,1000000.0,1250000.0,2018-10-31T12:49:37.613000Z
1.13351,1.13355,9640000.3433,1690000.0572,2018-10-31T12:49:37.667000Z
1.13351,1.13355,2509999.9905,1690000.0572,2018-10-31T12:49:38.255000Z
1.1335,1.13352,2509999.9905,1500000.0,2018-10-31T12:49:39.348000Z
1.1334700000000002,1.13351,5139999.8665,6260000.2289,2018-10-31T12:49:39.507000Z
1.1334700000000002,1.13351,3559999.9428,1500000.0,2018-10-31T12:49:40.055000Z
1.13351,1.13352,1000000.0,2250000.0,2018-10-31T12:49:40.751000Z
1.13349,1.13351,6820000.1717,5250000.0,2018-10-31T12:49:40.962000Z
1.1334700000000002,1.13349,3450000.0477,1000000.0,2018-10-31T12:49:41.453000Z
1.1334700000000002,1.1335,2509999.9905,4500000.0,2018-10-31T12:49:41.984000Z
1.1334700000000002,1.13348,1120000.0048,3750000.0,2018-10-31T12:49:42.286000Z
1.1334700000000002,1.1335,2250000.0,2250000.0,2018-10-31T12:49:42.416000Z
1.1334700000000002,1.1335,1570000.0525,1000000.0,2018-10-31T12:49:44.161000Z
1.1334700000000002,1.1335,1100000.0238,1500000.0,2018-10-31T12:49:44.811000Z
1.1334700000000002,1.13351,3069999.9332,4500000.0,2018-10-31T12:49:45.489000Z
1.1334600000000001,1.1335,5139999.8665,1500000.0,2018-10-31T12:49:45.805000Z
1.1334600000000001,1.13349,4389999.8665,1000000.0,2018-10-31T12:49:46.344000Z
1.13345,1.13349,5699999.8093,6000000.0,2018-10-31T12:49:46.562000Z
1.13344,1.1334700000000002,4949999.8093,1000000.0,2018-10-31T12:49:47.025000Z
1.13344,1.13348,3450000.0477,4500000.0,2018-10-31T12:49:47.605000Z
1.1334600000000001,1.13348,1389999.9857,1000000.0,2018-10-31T12:49:48.128000Z
1.1334700000000002,1.1335,1000000.0,3000000.0,2018-10-31T12:49:48.738000Z
1.13349,1.13351,1309999.9428,1000000.0,2018-10-31T12:49:49.065000Z
1.1335,1.13354,4949999.8093,1690000.0572,2018-10-31T12:49:49.171000Z
1.1335,1.13354,8699999.8093,3369999.8856,2018-10-31T12:49:49.743000Z
1.13349,1.13352,15819999.6948,1250000.0,2018-10-31T12:49:50.809000Z
1.13348,1.1335,1000000.0,7690000.0572,2018-10-31T12:49:51.071000Z
1.13348,1.13349,1000000.0,1000000.0,2018-10-31T12:49:52.035000Z
1.1334600000000001,1.13349,4199999.8093,1000000.0,2018-10-31T12:49:52.276000Z
1.1334700000000002,1.13349,1870000.0048,1000000.0,2018-10-31T12:49:52.803000Z
1.13345,1.13348,3069999.9332,2250000.0,2018-10-31T12:49:53.118000Z
1.13344,1.1334700000000002,1250000.0,3940000.0572,2018-10-31T12:49:53.700000Z
1.13344,1.1334600000000001,1309999.9428,1000000.0,2018-10-31T12:49:55.221000Z
1.1334700000000002,1.13348,1500000.0,1500000.0,2018-10-31T12:49:55.502000Z
1.1334700000000002,1.13349,1200000.0477,2250000.0,2018-10-31T12:49:56.049000Z
1.1333900000000001,1.1334,1120000.0048,1000000.0,2018-10-31T12:49:56.419000Z
1.1333700000000002,1.1334,1200000.0477,1000000.0,2018-10-31T12:49:56.895000Z
1.1333900000000001,1.13341,1000000.0,2250000.0,2018-10-31T12:49:57.190000Z
1.1333700000000002,1.1334,4010000.2289,1250000.0,2018-10-31T12:49:57.349000Z
1.1333900000000001,1.13341,2140000.1049,1000000.0,2018-10-31T12:49:57.562000Z
1.1334,1.13343,5250000.0,1120000.0048,2018-10-31T12:49:57.616000Z
1.1333900000000001,1.13341,3819999.9332,1000000.0,2018-10-31T12:49:57.670000Z
1.1333600000000001,1.13338,1200000.0477,1000000.0,2018-10-31T12:49:58.169000Z
1.13333,1.1333600000000001,1000000.0,1500000.0,2018-10-31T12:49:58.330000Z
1.13334,1.1333700000000002,1000000.0,4119999.8856,2018-10-31T12:49:58.448000Z
1.13334,1.13335,4690000.0572,1000000.0,2018-10-31T12:49:58.500000Z
1.13333,1.1333700000000002,9449999.8093,7690000.0572,2018-10-31T12:49:58.819000Z
1.1333600000000001,1.13338,3150000.0954,1500000.0,2018-10-31T12:49:59.241000Z
1.1333600000000001,1.1333900000000001,3900000.0954,1000000.0,2018-10-31T12:49:59.295000Z
1.13335,1.1333700000000002,9789999.9619,1000000.0,2018-10-31T12:49:59.401000Z
1.13332,1.13335,3559999.9428,1500000.0,2018-10-31T12:49:59.508000Z
1.13333,1.13335,1500000.0,1500000.0,2018-10-31T12:50:00.026000Z
1.13332,1.13335,2710000.0381,1690000.0572,2018-10-31T12:50:00.538000Z
1.13332,1.13335,2359999.8951,2250000.0,2018-10-31T12:50:00.894000Z
1.1333,1.13331,3750000.0,1000000.0,2018-10-31T12:50:01.052000Z
1.13332,1.13333,109999.9994,10119999.8856,2018-10-31T12:50:01.106000Z
1.13332,1.13334,109999.9994,2250000.0,2018-10-31T12:50:01.160000Z
1.13332,1.1333600000000001,360000.0143,7010000.2289,2018-10-31T12:50:01.747000Z
1.13334,1.1333600000000001,1000000.0,1500000.0,2018-10-31T12:50:02.096000Z
1.13325,1.1332700000000002,1950000.0477,1870000.0048,2018-10-31T12:50:02.403000Z
1.13323,1.1332700000000002,3259999.9905,4119999.8856,2018-10-31T12:50:02.586000Z
1.1332200000000001,1.13324,5510000.2289,1000000.0,2018-10-31T12:50:02.639000Z
1.13324,1.13328,4309999.9428,6070000.1717,2018-10-31T12:50:02.797000Z
1.13324,1.1332600000000002,5320000.1717,1000000.0,2018-10-31T12:50:02.849000Z
1.1332700000000002,1.13329,1000000.0,1000000.0,2018-10-31T12:50:03.183000Z
1.1332600000000002,1.1332700000000002,1000000.0,1000000.0,2018-10-31T12:50:03.235000Z
1.13324,1.1332600000000002,5059999.9428,1000000.0,2018-10-31T12:50:03.289000Z
1.1332600000000002,1.13328,1120000.0048,1000000.0,2018-10-31T12:50:03.786000Z
1.1332600000000002,1.1333,1500000.0,2440000.0572,2018-10-31T12:50:03.996000Z
1.1332600000000002,1.13329,1000000.0,1000000.0,2018-10-31T12:50:04.538000Z
1.1332700000000002,1.13329,1000000.0,1000000.0,2018-10-31T12:50:05.109000Z
1.13325,1.13329,6820000.1717,2059999.9428,2018-10-31T12:50:05.443000Z
1.13325,1.13328,1000000.0,1000000.0,2018-10-31T12:50:05.970000Z
1.13325,1.13328,4199999.8093,1000000.0,2018-10-31T12:50:06.493000Z
1.13324,1.13328,7570000.1717,1690000.0572,2018-10-31T12:50:07.316000Z
1.13323,1.1332600000000002,3069999.9332,1000000.0,2018-10-31T12:50:07.584000Z
1.13321,1.13325,6750000.0,2440000.0572,2018-10-31T12:50:07.881000Z
1.1332200000000001,1.13324,1000000.0,1500000.0,2018-10-31T12:50:08.393000Z
1.13323,1.13324,1000000.0,1000000.0,2018-10-31T12:50:08.984000Z
1.13323,1.1332600000000002,1500000.0,1500000.0,2018-10-31T12:50:09.350000Z
1.13324,1.1332600000000002,1500000.0,1000000.0,2018-10-31T12:50:10.301000Z
1.13323,1.13324,1000000.0,1000000.0,2018-10-31T12:50:10.569000Z
1.13324,1.1332600000000002,1500000.0,1120000.0048,2018-10-31T12:50:10.678000Z
1.13323,1.13328,5250000.0,4389999.8665,2018-10-31T12:50:11.210000Z
1.13324,1.13328,2319999.9332,2440000.0572,2018-10-31T12:50:11.752000Z
1.1332700000000002,1.13329,1000000.0,4690000.0572,2018-10-31T12:50:12.159000Z
1.13324,1.1332700000000002,3450000.0477,1690000.0572,2018-10-31T12:50:12.576000Z
1.13323,1.1332600000000002,2140000.1049,1500000.0,2018-10-31T12:50:12.782000Z
1.13323,1.13325,1100000.0238,1000000.0,2018-10-31T12:50:13.342000Z
1.1332200000000001,1.13324,1500000.0,1000000.0,2018-10-31T12:50:15.424000Z
1.1332200000000001,1.13325,1500000.0,1000000.0,2018-10-31T12:50:15.939000Z
1.1332200000000001,1.13325,1500000.0,1000000.0,2018-10-31T12:50:16.477000Z
1.13324,1.1332600000000002,2619999.8856,1100000.0238,2018-10-31T12:50:16.796000Z
1.13323,1.1332600000000002,2250000.0,1870000.0048,2018-10-31T12:50:16.901000Z
1.1332200000000001,1.1332600000000002,2140000.1049,5510000.2289,2018-10-31T12:50:17.418000Z
1.13325,1.1332700000000002,3000000.0,1200000.0477,2018-10-31T12:50:17.778000Z
1.1332600000000002,1.13329,1120000.0048,1950000.0477,2018-10-31T12:50:18.843000Z
1.1332600000000002,1.1333,1250000.0,8319999.6948,2018-10-31T12:50:19.753000Z
1.1332600000000002,1.13328,1100000.0238,1000000.0,2018-10-31T12:50:20.229000Z
1.1332600000000002,1.13329,1000000.0,1000000.0,2018-10-31T12:50:20.733000Z
1.13325,1.13328,1000000.0,3369999.8856,2018-10-31T12:50:22.046000Z
1.13325,1.13329,1289999.9619,1500000.0,2018-10-31T12:50:22.572000Z
1.1332200000000001,1.1332600000000002,11699999.8093,1690000.0572,2018-10-31T12:50:22.899000Z
1.1332200000000001,1.1332600000000002,6260000.2289,3000000.0,2018-10-31T12:50:23.401000Z
1.1332200000000001,1.13325,1870000.0048,1250000.0,2018-10-31T12:50:24.010000Z
1.1332200000000001,1.1332600000000002,1000000.0,5320000.1717,2018-10-31T12:50:24.530000Z
1.1332200000000001,1.1332600000000002,3190000.0572,2319999.9332,2018-10-31T12:50:25.215000Z
1.1332200000000001,1.1332600000000002,1000000.0,6469999.7902,2018-10-31T12:50:25.511000Z
1.13321,1.13324,1000000.0,1500000.0,2018-10-31T12:50:26.054000Z
1.13321,1.13325,2140000.1049,6000000.0,2018-10-31T12:50:26.971000Z
1.1332200000000001,1.13325,1000000.0,2250000.0,2018-10-31T12:50:27.623000Z
1.1332600000000002,1.13328,1309999.9428,1690000.0572,2018-10-31T12:50:27.937000Z
1.13328,1.13329,1000000.0,1000000.0,2018-10-31T12:50:28.332000Z
1.1332600000000002,1.1333,3640000.1049,1870000.0048,2018-10-31T12:50:28.787000Z
1.1332600000000002,1.1333,7389999.8665,3559999.9428,2018-10-31T12:50:29.294000Z
1.1332600000000002,1.1333,5510000.2289,2619999.8856,2018-10-31T12:50:29.797000Z
1.1332700000000002,1.13331,4309999.9428,4570000.1717,2018-10-31T12:50:29.956000Z
1.1332700000000002,1.1333,1250000.0,1500000.0,2018-10-31T12:50:30.510000Z
1.13329,1.13332,4389999.8665,1000000.0,2018-10-31T12:50:30.864000Z
1.13329,1.13331,1000000.0,1759999.9905,2018-10-31T12:50:31.776000Z
1.13328,1.1333,1000000.0,1870000.0048,2018-10-31T12:50:32.293000Z
1.1332600000000002,1.1333,7010000.2289,2319999.9332,2018-10-31T12:50:32.828000Z
1.1332600000000002,1.13329,2059999.9428,1500000.0,2018-10-31T12:50:33.349000Z
1.1332600000000002,1.13328,2250000.0,1000000.0,2018-10-31T12:50:34.718000Z
1.13323,1.13324,2619999.8856,4869999.8856,2018-10-31T12:50:35.772000Z
1.13321,1.13323,1690000.0572,1000000.0,2018-10-31T12:50:35.877000Z
1.13321,1.13325,5699999.8093,1000000.0,2018-10-31T12:50:36.336000Z
1.13321,1.1332600000000002,3259999.9905,6820000.1717,2018-10-31T12:50:36.864000Z
1.13324,1.1332600000000002,1000000.0,1120000.0048,2018-10-31T12:50:37.388000Z
1.1332200000000001,1.13325,1389999.9857,1000000.0,2018-10-31T12:50:37.655000Z
1.1332200000000001,1.13325,4500000.0,1000000.0,2018-10-31T12:50:38.174000Z
1.1332200000000001,1.13325,3190000.0572,1000000.0,2018-10-31T12:50:39.291000Z
1.1332200000000001,1.13324,6000000.0,2250000.0,2018-10-31T12:50:39.823000Z
1.13321,1.13323,1000000.0,2140000.1049,2018-10-31T12:50:39.929000Z
1.1332,1.13324,3750000.0,2319999.9332,2018-10-31T12:50:40.393000Z
1.1332,1.13324,2809999.9428,3559999.9428,2018-10-31T12:50:40.947000Z
1.13319,1.1332,3750000.0,2250000.0,2018-10-31T12:50:41.054000Z
1.13319,1.1332200000000001,2440000.0572,2509999.9905,2018-10-31T12:50:41.393000Z
1.13318,1.13319,1500000.0,1000000.0,2018-10-31T12:50:41.604000Z
1.13314,1.1331600000000002,1000000.0,1870000.0048,2018-10-31T12:50:41.761000Z
1.13315,1.1331700000000002,1000000.0,5139999.8665,2018-10-31T12:50:41.933000Z
1.13314,1.1331700000000002,1000000.0,4500000.0,2018-10-31T12:50:42.106000Z
1.13314,1.1331600000000002,1690000.0572,1000000.0,2018-10-31T12:50:42.158000Z
1.13315,1.13318,1000000.0,3069999.9332,2018-10-31T12:50:42.265000Z
1.1331200000000001,1.13314,10869999.8856,1570000.0525,2018-10-31T12:50:42.525000Z
1.13308,1.1331,1120000.0048,3069999.9332,2018-10-31T12:50:42.580000Z
1.13311,1.1331200000000001,1000000.0,6449999.8093,2018-10-31T12:50:42.737000Z
1.1330600000000002,1.1331,2619999.8856,3369999.8856,2018-10-31T12:50:42.896000Z
1.1330600000000002,1.13308,1500000.0,1000000.0,2018-10-31T12:50:43.071000Z
1.13294,1.1329600000000002,2500000.0,24489999.7711,2018-10-31T12:50:43.463000Z
1.1329200000000001,1.1329500000000001,4690000.0572,1000000.0,2018-10-31T12:50:43.622000Z
1.1328799999999999,1.1329,4500000.0,1000000.0,2018-10-31T12:50:44.011000Z
1.13287,1.1329,1690000.0572,1570000.0525,2018-10-31T12:50:44.080000Z
1.13289,1.1329,1000000.0,1100000.0238,2018-10-31T12:50:44.314000Z
1.13287,1.13289,1000000.0,1000000.0,2018-10-31T12:50:44.454000Z
1.1328600000000002,1.13287,1500000.0,1120000.0048,2018-10-31T12:50:44.784000Z
1.13289,1.13291,1690000.0572,1100000.0238,2018-10-31T12:50:45.104000Z
1.13289,1.1329200000000001,2059999.9428,1950000.0477,2018-10-31T12:50:45.275000Z
1.13293,1.13297,1500000.0,3819999.9332,2018-10-31T12:50:45.390000Z
1.13294,1.1329799999999999,1690000.0572,1570000.0525,2018-10-31T12:50:45.471000Z
1.1329500000000001,1.1329799999999999,3369999.8856,1100000.0238,2018-10-31T12:50:45.527000Z
1.13293,1.13297,2890000.1049,1500000.0,2018-10-31T12:50:45.731000Z
1.1329500000000001,1.13297,1690000.0572,10569999.6948,2018-10-31T12:50:45.843000Z
1.13287,1.13289,1570000.0525,1120000.0048,2018-10-31T12:50:45.898000Z
1.13287,1.1329200000000001,3069999.9332,4119999.8856,2018-10-31T12:50:46.164000Z
1.13291,1.1329500000000001,1250000.0,3069999.9332,2018-10-31T12:50:46.645000Z
1.1329200000000001,1.1329600000000002,1250000.0,3819999.9332,2018-10-31T12:50:47.155000Z
1.1329600000000002,1.13299,1250000.0,3259999.9905,2018-10-31T12:50:47.476000Z
1.1329500000000001,1.13299,1870000.0048,1100000.0238,2018-10-31T12:50:47.991000Z
1.13297,1.13299,1000000.0,1000000.0,2018-10-31T12:50:48.332000Z
1.1329600000000002,1.13299,1870000.0048,1000000.0,2018-10-31T12:50:48.840000Z
1.1329500000000001,1.13299,3819999.9332,1500000.0,2018-10-31T12:50:49.342000Z
1.13294,1.1329600000000002,1690000.0572,1000000.0,2018-10-31T12:50:49.706000Z
1.13289,1.13291,3259999.9905,2099999.9046,2018-10-31T12:50:49.948000Z
1.1328600000000002,1.1329,2140000.1049,3069999.9332,2018-10-31T12:50:50.106000Z
1.1328600000000002,1.13289,1250000.0,1120000.0048,2018-10-31T12:50:50.622000Z
1.13284,1.1328600000000002,1870000.0048,1000000.0,2018-10-31T12:50:51.116000Z
1.13284,1.13287,1000000.0,1610000.0143,2018-10-31T12:50:51.169000Z
1.1328500000000001,1.13289,2440000.0572,2319999.9332,2018-10-31T12:50:51.328000Z
1.1328600000000002,1.1329,1190000.0572,2700000.0477,2018-10-31T12:50:51.433000Z
1.1328500000000001,1.13289,1500000.0,1100000.0238,2018-10-31T12:50:51.589000Z
1.1328500000000001,1.1328799999999999,2140000.1049,1500000.0,2018-10-31T12:50:52.140000Z
1.13287,1.13289,1000000.0,1000000.0,2018-10-31T12:50:52.652000Z
1.1328500000000001,1.13289,1570000.0525,6750000.0,2018-10-31T12:50:52.838000Z
1.1328600000000002,1.13289,1500000.0,2549999.9523,2018-10-31T12:50:53.419000Z
1.1328799999999999,1.13291,1690000.0572,1450000.0477,2018-10-31T12:50:53.896000Z
1.13287,1.13291,1690000.0572,1759999.9905,2018-10-31T12:50:54.138000Z
1.13289,1.1329,1000000.0,1500000.0,2018-10-31T12:50:54.198000Z
1.13289,1.13291,1500000.0,1100000.0238,2018-10-31T12:50:54.305000Z
1.13291,1.1329200000000001,1000000.0,1000000.0,2018-10-31T12:50:54.358000Z
1.13291,1.1329500000000001,1250000.0,1100000.0238,2018-10-31T12:50:54.606000Z
1.1329200000000001,1.1329500000000001,1000000.0,1000000.0,2018-10-31T12:50:55.130000Z
1.13291,1.13294,1870000.0048,1000000.0,2018-10-31T12:50:55.678000Z
1.13291,1.13294,1950000.0477,1000000.0,2018-10-31T12:50:56.607000Z
1.1329200000000001,1.1329600000000002,1250000.0,1389999.9857,2018-10-31T12:50:58.581000Z
1.13293,1.13294,1000000.0,1000000.0,2018-10-31T12:50:58.996000Z
1.1329200000000001,1.1329500000000001,1250000.0,1000000.0,2018-10-31T12:50:59.515000Z
1.1329200000000001,1.13294,3190000.0572,1000000.0,2018-10-31T12:51:00.586000Z
1.1329,1.1329200000000001,1120000.0048,1570000.0525,2018-10-31T12:51:00.930000Z
1.1328799999999999,1.13291,1250000.0,1100000.0238,2018-10-31T12:51:01.200000Z
1.1329200000000001,1.13294,1120000.0048,1000000.0,2018-10-31T12:51:01.381000Z
1.1329500000000001,1.13297,1000000.0,7570000.1717,2018-10-31T12:51:01.838000Z
1.1329500000000001,1.1329799999999999,2619999.8856,2250000.0,2018-10-31T12:51:01.943000Z
1.13294,1.1329799999999999,1759999.9905,1309999.9428,2018-10-31T12:51:02.563000Z
1.1329500000000001,1.1329799999999999,1690000.0572,1870000.0048,2018-10-31T12:51:02.925000Z
1.1329799999999999,1.13299,1000000.0,1000000.0,2018-10-31T12:51:03.248000Z
1.1329799999999999,1.133,1870000.0048,1000000.0,2018-10-31T12:51:03.839000Z
1.13301,1.13304,1000000.0,3369999.8856,2018-10-31T12:51:04.307000Z
1.133,1.1330200000000001,1100000.0238,1000000.0,2018-10-31T12:51:04.629000Z
1.13301,1.13304,1690000.0572,2250000.0,2018-10-31T12:51:04.686000Z
1.13299,1.1330200000000001,3069999.9332,1690000.0572,2018-10-31T12:51:04.845000Z
1.1329500000000001,1.13299,1950000.0477,2440000.0572,2018-10-31T12:51:05.132000Z
1.1329500000000001,1.13299,2059999.9428,6949999.8093,2018-10-31T12:51:05.827000Z
1.1329500000000001,1.13299,2059999.9428,6949999.8093,2018-10-31T12:51:05.879000Z
1.1329600000000002,1.13299,1000000.0,1950000.0477,2018-10-31T12:51:06.140000Z
1.13294,1.1329600000000002,1470000.0286,3000000.0,2018-10-31T12:51:06.303000Z
1.1329500000000001,1.13299,2440000.0572,2920000.0763,2018-10-31T12:51:06.572000Z
1.1329799999999999,1.133,1000000.0,2700000.0477,2018-10-31T12:51:06.677000Z
1.133,1.13303,1690000.0572,1100000.0238,2018-10-31T12:51:06.835000Z
1.133,1.13301,1870000.0048,1350000.0238,2018-10-31T12:51:07.347000Z
1.1330200000000001,1.13303,1000000.0,1000000.0,2018-10-31T12:51:07.711000Z
1.1330200000000001,1.1330500000000001,4760000.2289,1100000.0238,2018-10-31T12:51:08.033000Z
1.1330600000000002,1.13309,1500000.0,1000000.0,2018-10-31T12:51:08.356000Z
1.1330500000000001,1.13308,2440000.0572,1690000.0572,2018-10-31T12:51:08.618000Z
1.13307,1.13309,1570000.0525,1000000.0,2018-10-31T12:51:08.934000Z
1.13309,1.1331,1500000.0,1950000.0477,2018-10-31T12:51:09.928000Z
1.1331,1.1331200000000001,1500000.0,1000000.0,2018-10-31T12:51:10.033000Z
1.13311,1.13315,4690000.0572,5699999.8093,2018-10-31T12:51:10.140000Z
1.13311,1.13315,2890000.1049,1500000.0,2018-10-31T12:51:10.647000Z
1.13311,1.13315,2440000.0572,1759999.9905,2018-10-31T12:51:11.072000Z
1.13311,1.1331200000000001,1500000.0,2250000.0,2018-10-31T12:51:11.279000Z
1.1331,1.1331200000000001,1500000.0,5059999.9428,2018-10-31T12:51:11.332000Z
1.13311,1.13314,1750000.0,2890000.1049,2018-10-31T12:51:11.436000Z
1.1331200000000001,1.13315,2250000.0,3259999.9905,2018-10-31T12:51:11.733000Z
1.1331200000000001,1.1331600000000002,2319999.9332,3640000.1049,2018-10-31T12:51:11.785000Z
1.13318,1.13319,3000000.0,2619999.8856,2018-10-31T12:51:12.203000Z
1.1332200000000001,1.13324,2059999.9428,1000000.0,2018-10-31T12:51:12.345000Z
1.1332200000000001,1.1332600000000002,1120000.0048,2890000.1049,2018-10-31T12:51:12.399000Z
1.1332200000000001,1.1332600000000002,1750000.0,2140000.1049,2018-10-31T12:51:12.507000Z
1.1332200000000001,1.13325,1750000.0,1250000.0,2018-10-31T12:51:13.030000Z
1.13323,1.1332600000000002,1000000.0,3819999.9332,2018-10-31T12:51:13.625000Z
1.1332200000000001,1.1332600000000002,1000000.0,3640000.1049,2018-10-31T12:51:13.678000Z
1.1332200000000001,1.1332600000000002,1750000.0,3640000.1049,2018-10-31T12:51:13.732000Z
1.1332200000000001,1.13325,1120000.0048,3640000.1049,2018-10-31T12:51:13.837000Z
1.13323,1.1332600000000002,1750000.0,2700000.0477,2018-10-31T12:51:13.996000Z
1.13321,1.13325,2619999.8856,1570000.0525,2018-10-31T12:51:14.134000Z
1.13321,1.13325,1950000.0477,2700000.0477,2018-10-31T12:51:14.657000Z
1.13324,1.1332600000000002,1120000.0048,2809999.9428,2018-10-31T12:51:15.024000Z
1.13321,1.13323,1500000.0,1500000.0,2018-10-31T12:51:15.186000Z
1.13323,1.1332600000000002,1500000.0,3640000.1049,2018-10-31T12:51:15.645000Z
1.13324,1.13328,2890000.1049,2140000.1049,2018-10-31T12:51:15.860000Z
1.13324,1.1332600000000002,3450000.0477,1500000.0,2018-10-31T12:51:16.246000Z
1.1332600000000002,1.13329,2619999.8856,1570000.0525,2018-10-31T12:51:16.405000Z
1.13328,1.13329,1120000.0048,1000000.0,2018-10-31T12:51:16.975000Z
1.13328,1.13331,2250000.0,2890000.1049,2018-10-31T12:51:17.028000Z
1.1333,1.13332,2250000.0,1200000.0477,2018-10-31T12:51:17.291000Z
1.13328,1.13331,1500000.0,3940000.0572,2018-10-31T12:51:17.450000Z
1.13328,1.1333,1500000.0,1000000.0,2018-10-31T12:51:17.802000Z
1.13328,1.13331,1500000.0,4760000.2289,2018-10-31T12:51:17.854000Z
1.13331,1.13333,1120000.0048,1000000.0,2018-10-31T12:51:18.606000Z
1.13332,1.13335,1500000.0,4010000.2289,2018-10-31T12:51:19.156000Z
1.13331,1.13335,5510000.2289,1309999.9428,2018-10-31T12:51:19.700000Z
1.1333,1.13334,1750000.0,3450000.0477,2018-10-31T12:51:20.203000Z
1.13332,1.13335,1750000.0,1100000.0238,2018-10-31T12:51:20.514000Z
1.13338,1.1333900000000001,2440000.0572,1000000.0,2018-10-31T12:51:20.918000Z
1.13342,1.1334600000000001,2000000.0,8510000.2289,2018-10-31T12:51:21.352000Z
1.13342,1.13345,1500000.0,1000000.0,2018-10-31T12:51:21.872000Z
1.13341,1.13345,1500000.0,5320000.1717,2018-10-31T12:51:22.189000Z
1.13342,1.13345,1500000.0,1389999.9857,2018-10-31T12:51:22.816000Z
1.13342,1.13345,1500000.0,4269999.9809,2018-10-31T12:51:23.393000Z
1.13342,1.13345,1750000.0,1000000.0,2018-10-31T12:51:23.919000Z
1.1334600000000001,1.1334700000000002,3640000.1049,3369999.8856,2018-10-31T12:51:24.025000Z
1.13351,1.13353,2250000.0,1500000.0,2018-10-31T12:51:24.078000Z
1.13352,1.13355,2250000.0,2250000.0,2018-10-31T12:51:24.233000Z
1.13353,1.13354,1120000.0048,1000000.0,2018-10-31T12:51:24.891000Z
1.13353,1.13355,1370000.0048,4199999.8093,2018-10-31T12:51:25.431000Z
1.13354,1.1335600000000001,2059999.9428,1100000.0238,2018-10-31T12:51:26.339000Z
1.13355,1.13358,4010000.2289,3940000.0572,2018-10-31T12:51:26.432000Z
1.1335600000000001,1.1336000000000002,1690000.0572,4789999.9619,2018-10-31T12:51:26.702000Z
1.1335600000000001,1.1336000000000002,2119999.8856,3450000.0477,2018-10-31T12:51:27.232000Z
1.1335600000000001,1.1336000000000002,2000000.0,2700000.0477,2018-10-31T12:51:28.023000Z
1.1335600000000001,1.1336000000000002,1370000.0048,4760000.2289,2018-10-31T12:51:28.548000Z
1.1335600000000001,1.1336000000000002,1750000.0,1759999.9905,2018-10-31T12:51:29.071000Z
1.1335600000000001,1.13359,2250000.0,2250000.0,2018-10-31T12:51:29.613000Z
1.1335600000000001,1.1336000000000002,2700000.0477,2140000.1049,2018-10-31T12:51:30.144000Z
1.1335600000000001,1.1336000000000002,4010000.2289,1690000.0572,2018-10-31T12:51:30.716000Z
1.13361,1.13365,2250000.0,1570000.0525,2018-10-31T12:51:30.949000Z
1.13361,1.13364,1120000.0048,1000000.0,2018-10-31T12:51:31.162000Z
1.13361,1.13365,1500000.0,5880000.1144,2018-10-31T12:51:31.926000Z
1.13361,1.13362,1120000.0048,1500000.0,2018-10-31T12:51:31.979000Z
1.13361,1.13365,1120000.0048,3640000.1049,2018-10-31T12:51:32.038000Z
1.13361,1.13365,2500000.0,9079999.9237,2018-10-31T12:51:32.091000Z
1.13361,1.13364,1500000.0,1250000.0,2018-10-31T12:51:32.813000Z
1.13361,1.13365,2250000.0,7010000.2289,2018-10-31T12:51:33.341000Z
1.13361,1.13363,1950000.0477,1000000.0,2018-10-31T12:51:33.758000Z
1.13361,1.13364,1500000.0,1500000.0,2018-10-31T12:51:34.294000Z
1.13359,1.13361,1450000.0477,1250000.0,2018-10-31T12:51:34.697000Z
1.13358,1.13361,1500000.0,3640000.1049,2018-10-31T12:51:35.202000Z
1.1335700000000002,1.1336000000000002,1120000.0048,1100000.0238,2018-10-31T12:51:35.514000Z
1.1335700000000002,1.1336000000000002,1120000.0048,1950000.0477,2018-10-31T12:51:36.052000Z
1.1335700000000002,1.13361,2440000.0572,7570000.1717,2018-10-31T12:51:37.334000Z
1.1335700000000002,1.1336000000000002,2250000.0,1120000.0048,2018-10-31T12:51:37.879000Z
1.13358,1.13359,1500000.0,1000000.0,2018-10-31T12:51:39.014000Z
1.13358,1.1336000000000002,1500000.0,1120000.0048,2018-10-31T12:51:39.531000Z
1.13358,1.1336000000000002,1120000.0048,3369999.8856,2018-10-31T12:51:40.058000Z
1.1335700000000002,1.1336000000000002,2440000.0572,2059999.9428,2018-10-31T12:51:40.977000Z
1.1335700000000002,1.13359,1870000.0048,1120000.0048,2018-10-31T12:51:41.497000Z
1.1335700000000002,1.13359,2250000.0,1000000.0,2018-10-31T12:51:42.115000Z
1.1335700000000002,1.13358,1500000.0,1120000.0048,2018-10-31T12:51:43.061000Z
1.13355,1.13359,2250000.0,4949999.8093,2018-10-31T12:51:43.115000Z
1.1335600000000001,1.13359,1500000.0,3000000.0,2018-10-31T12:51:43.273000Z
1.1335600000000001,1.13358,1500000.0,3190000.0572,2018-10-31T12:51:43.791000Z
1.1335600000000001,1.13359,1500000.0,1500000.0,2018-10-31T12:51:44.343000Z
1.13355,1.13358,2250000.0,1000000.0,2018-10-31T12:51:45.030000Z
1.1335600000000001,1.13359,2250000.0,1000000.0,2018-10-31T12:51:45.531000Z
1.13354,1.1335600000000001,1950000.0477,1000000.0,2018-10-31T12:51:46.005000Z
1.13352,1.13355,1750000.0,1000000.0,2018-10-31T12:51:46.541000Z
1.13349,1.13351,1500000.0,1500000.0,2018-10-31T12:51:46.852000Z
1.1334700000000002,1.13351,2250000.0,4389999.8665,2018-10-31T12:51:47.361000Z
1.13351,1.13353,1309999.9428,1000000.0,2018-10-31T12:51:47.919000Z
1.13349,1.13351,2250000.0,3069999.9332,2018-10-31T12:51:48.485000Z
1.13348,1.13351,1870000.0048,3670000.0763,2018-10-31T12:51:49.008000Z
1.13348,1.1335,1870000.0048,1000000.0,2018-10-31T12:51:49.549000Z
1.13348,1.1335,1480000.0191,4949999.8093,2018-10-31T12:51:50.177000Z
1.1334600000000001,1.13349,2230000.0191,2250000.0,2018-10-31T12:51:50.282000Z
1.13344,1.1334600000000001,7929999.8283,1500000.0,2018-10-31T12:51:50.338000Z
1.13344,1.1334700000000002,1860000.0143,4800000.1907,2018-10-31T12:51:50.401000Z
1.13345,1.1334700000000002,1480000.0191,3380000.1144,2018-10-31T12:51:50.455000Z
1.13345,1.13348,1120000.0048,3190000.0572,2018-10-31T12:51:50.839000Z
1.13341,1.13342,1120000.0048,3000000.0,2018-10-31T12:51:51.366000Z
1.1333900000000001,1.13341,1120000.0048,1100000.0238,2018-10-31T12:51:51.543000Z
1.13342,1.13344,1120000.0048,8319999.6948,2018-10-31T12:51:51.651000Z
1.1334,1.13342,1100000.0238,2250000.0,2018-10-31T12:51:51.911000Z
1.1333700000000002,1.13341,3259999.9905,4349999.9046,2018-10-31T12:51:52.050000Z
1.1333700000000002,1.13341,2250000.0,6260000.2289,2018-10-31T12:51:52.578000Z
1.1333600000000001,1.1333700000000002,2509999.9905,1000000.0,2018-10-31T12:51:53.953000Z
1.13329,1.13331,1000000.0,1500000.0,2018-10-31T12:51:54.115000Z
1.13331,1.13332,1000000.0,1950000.0477,2018-10-31T12:51:54.351000Z
1.1333,1.13333,1120000.0048,4760000.2289,2018-10-31T12:51:54.926000Z
1.1333,1.13333,1120000.0048,4760000.2289,2018-10-31T12:51:55.434000Z
1.1333,1.13333,1120000.0048,4760000.2289,2018-10-31T12:51:55.537000Z
1.13331,1.13334,1500000.0,1950000.0477,2018-10-31T12:51:55.644000Z
1.13332,1.1333600000000001,1120000.0048,8890000.3433,2018-10-31T12:51:55.751000Z
1.13334,1.1333600000000001,2059999.9428,1200000.0477,2018-10-31T12:51:56.045000Z
1.13323,1.13325,2250000.0,2619999.8856,2018-10-31T12:51:56.359000Z
1.1332,1.13321,1500000.0,1100000.0238,2018-10-31T12:51:56.413000Z
1.1332200000000001,1.13324,1500000.0,2700000.0477,2018-10-31T12:51:56.548000Z
1.13323,1.13325,1120000.0048,1570000.0525,2018-10-31T12:51:57.569000Z
1.13323,1.13325,1120000.0048,2140000.1049,2018-10-31T12:51:59.009000Z
1.13323,1.13325,1120000.0048,1200000.0477,2018-10-31T12:51:59.549000Z
1.1332200000000001,1.13324,1120000.0048,1570000.0525,2018-10-31T12:52:01.392000Z
1.13321,1.13325,1870000.0048,3450000.0477,2018-10-31T12:52:02.517000Z
1.1331700000000002,1.13321,2250000.0,3450000.0477,2018-10-31T12:52:02.832000Z
1.1331700000000002,1.13321,2509999.9905,3069999.9332,2018-10-31T12:52:03.340000Z
1.13318,1.1332,1120000.0048,2440000.0572,2018-10-31T12:52:04.083000Z
1.1332,1.13321,1000000.0,2250000.0,2018-10-31T12:52:05.212000Z
1.13321,1.1332200000000001,3000000.0,1950000.0477,2018-10-31T12:52:05.266000Z
1.1332200000000001,1.13324,1309999.9428,1000000.0,2018-10-31T12:52:05.320000Z
1.1332200000000001,1.13325,1870000.0048,3940000.0572,2018-10-31T12:52:05.941000Z
1.1332200000000001,1.13324,1870000.0048,1000000.0,2018-10-31T12:52:06.510000Z
1.13324,1.13325,1500000.0,1100000.0238,2018-10-31T12:52:07.636000Z
1.13324,1.1332600000000002,1500000.0,1000000.0,2018-10-31T12:52:08.150000Z
1.1332600000000002,1.13328,3940000.0572,8890000.3433,2018-10-31T12:52:08.454000Z
1.13335,1.13338,1690000.0572,2700000.0477,2018-10-31T12:52:08.663000Z
1.1333600000000001,1.1333900000000001,1000000.0,1500000.0,2018-10-31T12:52:09.730000Z
1.1333700000000002,1.13341,1120000.0048,5059999.9428,2018-10-31T12:52:09.899000Z
1.1333900000000001,1.13341,2440000.0572,3750000.0,2018-10-31T12:52:10.682000Z
1.1334,1.13343,1870000.0048,2250000.0,2018-10-31T12:52:10.787000Z
1.13341,1.13344,1000000.0,2250000.0,2018-10-31T12:52:11.327000Z
1.1334,1.13343,1570000.0525,1500000.0,2018-10-31T12:52:11.848000Z
1.13341,1.13343,1500000.0,1000000.0,2018-10-31T12:52:12.111000Z
1.13342,1.13344,1000000.0,1000000.0,2018-10-31T12:52:12.637000Z
1.13341,1.13344,1200000.0477,1000000.0,2018-10-31T12:52:13.812000Z
1.13342,1.13344,1120000.0048,1000000.0,2018-10-31T12:52:14.342000Z
1.13344,1.1334600000000001,1000000.0,1500000.0,2018-10-31T12:52:14.766000Z
1.13344,1.1334700000000002,2700000.0477,1000000.0,2018-10-31T12:52:15.227000Z
1.1334700000000002,1.13349,3000000.0,1000000.0,2018-10-31T12:52:15.436000Z
1.1334600000000001,1.13349,1000000.0,1000000.0,2018-10-31T12:52:15.958000Z
1.13345,1.13348,3069999.9332,1000000.0,2018-10-31T12:52:16.520000Z
1.1334700000000002,1.13349,1000000.0,1000000.0,2018-10-31T12:52:17.044000Z
1.13345,1.13349,4389999.8665,1000000.0,2018-10-31T12:52:17.921000Z
1.1334600000000001,1.1335,1870000.0048,1870000.0048,2018-10-31T12:52:19.453000Z
1.1334700000000002,1.13351,3450000.0477,7010000.2289,2018-10-31T12:52:19.981000Z
1.13348,1.13351,1100000.0238,2059999.9428,2018-10-31T12:52:20.505000Z
1.1335,1.13352,3000000.0,1950000.0477,2018-10-31T12:52:21.311000Z
1.13352,1.13355,1870000.0048,2250000.0,2018-10-31T12:52:21.468000Z
1.13353,1.13354,1000000.0,1500000.0,2018-10-31T12:52:21.996000Z
1.13352,1.13354,3750000.0,1500000.0,2018-10-31T12:52:22.613000Z
1.13352,1.1335600000000001,2319999.9332,1100000.0238,2018-10-31T12:52:22.770000Z
1.13352,1.13354,2250000.0,1000000.0,2018-10-31T12:52:22.928000Z
1.13352,1.13355,1500000.0,1500000.0,2018-10-31T12:52:23.430000Z
1.13353,1.1335600000000001,3559999.9428,1100000.0238,2018-10-31T12:52:24.020000Z
1.1335600000000001,1.13359,1500000.0,1000000.0,2018-10-31T12:52:24.179000Z
1.13355,1.1335700000000002,1950000.0477,1000000.0,2018-10-31T12:52:24.337000Z
1.1335600000000001,1.13359,2250000.0,1000000.0,2018-10-31T12:52:24.598000Z
1.13355,1.13359,6449999.8093,1120000.0048,2018-10-31T12:52:25.233000Z
1.13355,1.13358,1500000.0,1250000.0,2018-10-31T12:52:26.906000Z
1.13353,1.1335600000000001,2250000.0,1250000.0,2018-10-31T12:52:27.010000Z
1.13352,1.1335600000000001,1870000.0048,1690000.0572,2018-10-31T12:52:27.221000Z
1.13352,1.13355,1000000.0,1100000.0238,2018-10-31T12:52:29.126000Z
1.13351,1.13352,3069999.9332,2250000.0,2018-10-31T12:52:29.861000Z
1.13349,1.13351,2619999.8856,1000000.0,2018-10-31T12:52:29.913000Z
1.1334700000000002,1.13349,1870000.0048,1500000.0,2018-10-31T12:52:31.159000Z
1.1334600000000001,1.1335,2700000.0477,2700000.0477,2018-10-31T12:52:31.703000Z
1.1334700000000002,1.1335,1950000.0477,1500000.0,2018-10-31T12:52:32.307000Z
1.1334700000000002,1.13351,2319999.9332,6639999.8665,2018-10-31T12:52:33.347000Z
1.1334700000000002,1.1335,1250000.0,1250000.0,2018-10-31T12:52:34.041000Z
1.13348,1.13351,1120000.0048,3750000.0,2018-10-31T12:52:35.098000Z
1.1334700000000002,1.1335,1000000.0,1000000.0,2018-10-31T12:52:35.600000Z
1.1334600000000001,1.1335,1120000.0048,7869999.8856,2018-10-31T12:52:36.123000Z
1.1334600000000001,1.13349,2250000.0,1500000.0,2018-10-31T12:52:36.661000Z
1.13345,1.1334700000000002,3819999.9332,1000000.0,2018-10-31T12:52:36.976000Z
1.13343,1.1334600000000001,1870000.0048,5440000.0572,2018-10-31T12:52:37.031000Z
1.13342,1.13344,2619999.8856,1000000.0,2018-10-31T12:52:37.189000Z
1.13342,1.13343,1000000.0,1000000.0,2018-10-31T12:52:37.716000Z
1.13341,1.13345,2809999.9428,1000000.0,2018-10-31T12:52:41.185000Z
1.13341,1.13344,2440000.0572,1000000.0,2018-10-31T12:52:41.896000Z
1.1333900000000001,1.13341,1120000.0048,1500000.0,2018-10-31T12:52:42.371000Z
1.1333700000000002,1.1333900000000001,1120000.0048,1500000.0,2018-10-31T12:52:42.684000Z
1.1333700000000002,1.1334,3450000.0477,2250000.0,2018-10-31T12:52:43.210000Z
1.1333700000000002,1.1333900000000001,1000000.0,1870000.0048,2018-10-31T12:52:44.045000Z
1.13335,1.13338,1120000.0048,1950000.0477,2018-10-31T12:52:44.149000Z
1.13335,1.1333700000000002,1000000.0,1000000.0,2018-10-31T12:52:44.658000Z
1.1334,1.13342,2910000.0858,6369999.8856,2018-10-31T12:52:44.765000Z
1.13342,1.13343,1250000.0,1000000.0,2018-10-31T12:52:44.821000Z
1.13342,1.13344,1000000.0,1500000.0,2018-10-31T12:52:45.328000Z
1.13343,1.1334600000000001,3190000.0572,1000000.0,2018-10-31T12:52:45.742000Z
1.13344,1.1334700000000002,1190000.0572,3000000.0,2018-10-31T12:52:46.158000Z
1.1334600000000001,1.1334700000000002,1000000.0,1000000.0,2018-10-31T12:52:46.712000Z
1.1334600000000001,1.13348,2619999.8856,1000000.0,2018-10-31T12:52:47.231000Z
1.13351,1.13353,1000000.0,1250000.0,2018-10-31T12:52:47.601000Z
1.13351,1.13354,1000000.0,1870000.0048,2018-10-31T12:52:48.295000Z
1.13351,1.13353,5440000.0572,1000000.0,2018-10-31T12:52:48.817000Z
1.13351,1.13355,2619999.8856,6070000.1717,2018-10-31T12:52:49.333000Z
1.13351,1.13355,2059999.9428,7570000.1717,2018-10-31T12:52:49.867000Z
1.13351,1.13355,1309999.9428,6070000.1717,2018-10-31T12:52:50.415000Z
1.1334600000000001,1.13349,3559999.9428,1000000.0,2018-10-31T12:52:50.722000Z
1.13349,1.13351,1000000.0,2319999.9332,2018-10-31T12:52:51.041000Z
1.13351,1.13354,2250000.0,1870000.0048,2018-10-31T12:52:51.570000Z
1.13351,1.13354,2440000.0572,1870000.0048,2018-10-31T12:52:52.818000Z
1.13351,1.13354,1000000.0,1120000.0048,2018-10-31T12:52:53.562000Z
1.1335,1.13351,1120000.0048,1000000.0,2018-10-31T12:52:55.434000Z
1.1334700000000002,1.1335,1500000.0,1000000.0,2018-10-31T12:52:55.488000Z
1.1334700000000002,1.13349,1000000.0,1000000.0,2018-10-31T12:52:56.766000Z
1.1334700000000002,1.13349,1000000.0,1450000.0477,2018-10-31T12:52:58.409000Z
1.1334600000000001,1.13348,4119999.8856,1450000.0477,2018-10-31T12:53:00.740000Z
1.1334700000000002,1.13348,1000000.0,1120000.0048,2018-10-31T12:53:01.484000Z
1.13344,1.1334600000000001,1120000.0048,7690000.0572,2018-10-31T12:53:01.986000Z
1.13343,1.13344,1120000.0048,1000000.0,2018-10-31T12:53:02.161000Z
1.13342,1.13344,3369999.8856,1000000.0,2018-10-31T12:53:02.214000Z
1.13343,1.13344,1000000.0,1000000.0,2018-10-31T12:53:02.852000Z
1.1333900000000001,1.13341,2250000.0,1500000.0,2018-10-31T12:53:03.222000Z
1.1333600000000001,1.1334,2250000.0,7570000.1717,2018-10-31T12:53:03.329000Z
1.1333600000000001,1.1334,3369999.8856,6820000.1717,2018-10-31T12:53:03.858000Z
1.1333600000000001,1.1333900000000001,1000000.0,1200000.0477,2018-10-31T12:53:04.374000Z
1.1333600000000001,1.13338,1000000.0,1000000.0,2018-10-31T12:53:05.325000Z
1.1333600000000001,1.13338,1000000.0,1470000.0286,2018-10-31T12:53:06.657000Z
1.1333600000000001,1.13338,1000000.0,1000000.0,2018-10-31T12:53:07.203000Z
1.13334,1.13338,1120000.0048,3069999.9332,2018-10-31T12:53:07.620000Z
1.13333,1.13335,1500000.0,1000000.0,2018-10-31T12:53:07.674000Z
1.1333600000000001,1.13338,1500000.0,1950000.0477,2018-10-31T12:53:08.223000Z
1.1333700000000002,1.1334,1000000.0,3450000.0477,2018-10-31T12:53:08.330000Z
1.1333600000000001,1.1333900000000001,1870000.0048,1120000.0048,2018-10-31T12:53:08.879000Z
1.1333600000000001,1.1333900000000001,1870000.0048,1950000.0477,2018-10-31T12:53:12.069000Z
1.1333700000000002,1.1333900000000001,1000000.0,1200000.0477,2018-10-31T12:53:12.605000Z
1.13334,1.1333600000000001,2250000.0,1950000.0477,2018-10-31T12:53:16.783000Z
1.13333,1.1333700000000002,1250000.0,3819999.9332,2018-10-31T12:53:17.331000Z
1.13333,1.1333700000000002,2619999.8856,3069999.9332,2018-10-31T12:53:18.010000Z
1.13333,1.1333600000000001,1500000.0,2700000.0477,2018-10-31T12:53:18.548000Z
1.13331,1.13335,2250000.0,6260000.2289,2018-10-31T12:53:18.922000Z
1.13331,1.13334,1000000.0,2700000.0477,2018-10-31T12:53:18.975000Z
1.13331,1.13334,1000000.0,1200000.0477,2018-10-31T12:53:19.506000Z
1.1333,1.13334,1000000.0,1950000.0477,2018-10-31T12:53:20.459000Z
1.1333,1.13333,1000000.0,1200000.0477,2018-10-31T12:53:21.035000Z
1.1333,1.13334,1500000.0,2619999.8856,2018-10-31T12:53:21.805000Z
1.1333,1.13333,1000000.0,1000000.0,2018-10-31T12:53:22.507000Z
1.1333,1.13334,1500000.0,3369999.8856,2018-10-31T12:53:23.076000Z
1.1333,1.13333,1500000.0,1000000.0,2018-10-31T12:53:23.602000Z
1.1333,1.13334,1000000.0,1870000.0048,2018-10-31T12:53:24.154000Z
1.13331,1.13334,1000000.0,1200000.0477,2018-10-31T12:53:25.074000Z
1.13331,1.13335,1000000.0,7010000.2289,2018-10-31T12:53:25.576000Z
1.13331,1.13334,1500000.0,1950000.0477,2018-10-31T12:53:26.293000Z
1.13331,1.13333,1000000.0,1000000.0,2018-10-31T12:53:27.075000Z
1.13325,1.13328,3940000.0572,1000000.0,2018-10-31T12:53:27.312000Z
1.13325,1.1332600000000002,1500000.0,2250000.0,2018-10-31T12:53:27.472000Z
1.13323,1.1332600000000002,1000000.0,1389999.9857,2018-10-31T12:53:27.643000Z
1.13323,1.1332700000000002,3940000.0572,9640000.3433,2018-10-31T12:53:28.181000Z
1.13324,1.1332700000000002,1000000.0,2509999.9905,2018-10-31T12:53:28.722000Z
1.13325,1.1332700000000002,1000000.0,1500000.0,2018-10-31T12:53:32.126000Z
1.1332600000000002,1.13328,1690000.0572,1570000.0525,2018-10-31T12:53:32.283000Z
1.1332600000000002,1.13328,1500000.0,1870000.0048,2018-10-31T12:53:32.830000Z
1.1332700000000002,1.13328,1000000.0,1120000.0048,2018-10-31T12:53:33.626000Z
1.13325,1.13328,3190000.0572,4869999.8856,2018-10-31T12:53:33.837000Z
1.1332600000000002,1.13328,1000000.0,4869999.8856,2018-10-31T12:53:33.941000Z
1.1332700000000002,1.13329,1000000.0,4869999.8856,2018-10-31T12:53:34.461000Z
1.1332600000000002,1.13328,1690000.0572,1000000.0,2018-10-31T12:53:35.353000Z
1.13325,1.13328,1000000.0,2250000.0,2018-10-31T12:53:36.618000Z
1.13323,1.13325,2250000.0,1200000.0477,2018-10-31T12:53:37.641000Z
1.13324,1.1332700000000002,2809999.9428,1200000.0477,2018-10-31T12:53:37.854000Z
1.1332200000000001,1.1332600000000002,2700000.0477,3750000.0,2018-10-31T12:53:38.051000Z
1.1332200000000001,1.13324,1000000.0,1000000.0,2018-10-31T12:53:38.155000Z
1.13321,1.13323,1250000.0,1000000.0,2018-10-31T12:53:38.680000Z
1.13321,1.13323,3190000.0572,1000000.0,2018-10-31T12:53:39.206000Z
1.13321,1.13323,1250000.0,1200000.0477,2018-10-31T12:53:39.776000Z
1.1332,1.13323,1120000.0048,4500000.0,2018-10-31T12:53:40.389000Z
1.1332,1.1332200000000001,1000000.0,2250000.0,2018-10-31T12:53:40.898000Z
1.1332,1.13323,1500000.0,3819999.9332,2018-10-31T12:53:41.413000Z
1.1332200000000001,1.13323,1000000.0,1000000.0,2018-10-31T12:53:41.945000Z
1.1332,1.13323,4309999.9428,1000000.0,2018-10-31T12:53:42.155000Z
1.1332,1.13321,5059999.9428,2099999.9046,2018-10-31T12:53:42.312000Z
1.1331600000000002,1.13319,1870000.0048,1120000.0048,2018-10-31T12:53:42.541000Z
1.1331700000000002,1.13319,3000000.0,1000000.0,2018-10-31T12:53:42.655000Z
1.1332,1.13323,1690000.0572,1000000.0,2018-10-31T12:53:42.813000Z
1.13321,1.13323,1000000.0,1000000.0,2018-10-31T12:53:43.342000Z
1.1332200000000001,1.13323,1500000.0,1000000.0,2018-10-31T12:53:43.881000Z
1.13321,1.13323,1690000.0572,1000000.0,2018-10-31T12:53:44.394000Z
1.1332200000000001,1.13323,1000000.0,1000000.0,2018-10-31T12:53:45.239000Z
1.13321,1.13323,1690000.0572,1000000.0,2018-10-31T12:53:45.959000Z
1.1332,1.13323,3750000.0,3450000.0477,2018-10-31T12:53:47.427000Z
1.1332,1.13323,3940000.0572,3000000.0,2018-10-31T12:53:47.948000Z
1.1332200000000001,1.13323,1000000.0,1000000.0,2018-10-31T12:53:48Z
1.1332,1.13323,1120000.0048,1000000.0,2018-10-31T12:53:49.517000Z
1.1332,1.1332200000000001,1690000.0572,1000000.0,2018-10-31T12:53:50.792000Z
1.13321,1.13323,1000000.0,5320000.1717,2018-10-31T12:53:51.333000Z
1.1332,1.13323,6559999.9428,1000000.0,2018-10-31T12:53:52.088000Z
1.13321,1.13323,1000000.0,1120000.0048,2018-10-31T12:53:52.909000Z
1.13319,1.13323,4309999.9428,1350000.0238,2018-10-31T12:53:53.436000Z
1.1332,1.13323,2250000.0,3000000.0,2018-10-31T12:53:54.065000Z
1.13319,1.13323,7309999.9428,1500000.0,2018-10-31T12:53:54.612000Z
1.1332,1.13323,1000000.0,6000000.0,2018-10-31T12:53:55.161000Z
1.13319,1.13323,5059999.9428,4500000.0,2018-10-31T12:53:55.695000Z
1.13319,1.13323,6750000.0,1500000.0,2018-10-31T12:53:56.220000Z
1.1332,1.13323,1190000.0572,1690000.0572,2018-10-31T12:53:57.205000Z
1.13319,1.13323,7869999.8856,1000000.0,2018-10-31T12:53:57.728000Z
1.13319,1.13323,5440000.0572,1500000.0,2018-10-31T12:53:58.361000Z
1.1332,1.13323,1500000.0,5699999.8093,2018-10-31T12:53:58.899000Z
1.13319,1.13323,5619999.8856,3450000.0477,2018-10-31T12:53:59.945000Z
1.13319,1.13323,4909999.8474,2700000.0477,2018-10-31T12:54:00.804000Z
1.13319,1.1332,3000000.0,1000000.0,2018-10-31T12:54:00.857000Z
1.1331700000000002,1.13321,5250000.0,3750000.0,2018-10-31T12:54:00.961000Z
1.1331700000000002,1.1332,1120000.0048,3490000.0095,2018-10-31T12:54:01.511000Z
1.1331600000000002,1.13318,1250000.0,1000000.0,2018-10-31T12:54:01.568000Z
1.13318,1.13319,1000000.0,1000000.0,2018-10-31T12:54:02.239000Z
1.13318,1.1332200000000001,7760000.2289,4500000.0,2018-10-31T12:54:02.551000Z
1.13319,1.1332200000000001,1690000.0572,1500000.0,2018-10-31T12:54:03.092000Z
1.1332,1.1332200000000001,1690000.0572,1500000.0,2018-10-31T12:54:03.400000Z
1.1332,1.1332200000000001,1500000.0,1000000.0,2018-10-31T12:54:03.939000Z
1.13319,1.13321,3369999.8856,6039999.9619,2018-10-31T12:54:04.639000Z
1.13315,1.13318,2809999.9428,2099999.9046,2018-10-31T12:54:04.745000Z
1.13315,1.13318,4869999.8856,1000000.0,2018-10-31T12:54:07.015000Z
1.1331600000000002,1.1331700000000002,1000000.0,1870000.0048,2018-10-31T12:54:07.547000Z
1.13311,1.13313,2890000.1049,1000000.0,2018-10-31T12:54:07.600000Z
1.13311,1.13313,1870000.0048,1000000.0,2018-10-31T12:54:08.204000Z
1.13311,1.13313,1000000.0,1000000.0,2018-10-31T12:54:08.729000Z
1.1331,1.13313,1009999.9905,1120000.0048,2018-10-31T12:54:09.310000Z
1.13309,1.13311,2250000.0,5699999.8093,2018-10-31T12:54:09.364000Z
1.13309,1.13313,6000000.0,1000000.0,2018-10-31T12:54:09.756000Z
1.13309,1.13313,2619999.8856,2740000.0095,2018-10-31T12:54:10.305000Z
1.1331,1.13313,1500000.0,3069999.9332,2018-10-31T12:54:10.843000Z
1.1331200000000001,1.13315,2809999.9428,2319999.9332,2018-10-31T12:54:11.211000Z
1.13314,1.13318,5889999.8665,1470000.0286,2018-10-31T12:54:11.478000Z
1.13314,1.13319,2809999.9428,4949999.8093,2018-10-31T12:54:11.767000Z
1.13314,1.13315,1200000.0477,3000000.0,2018-10-31T12:54:12.281000Z
1.13309,1.13314,4690000.0572,8170000.0763,2018-10-31T12:54:12.432000Z
1.13311,1.13314,1000000.0,3819999.9332,2018-10-31T12:54:12.801000Z
1.13311,1.13315,3640000.1049,4389999.8665,2018-10-31T12:54:13.086000Z
1.13311,1.13314,1250000.0,1000000.0,2018-10-31T12:54:13.834000Z
1.1331,1.13314,1100000.0238,3000000.0,2018-10-31T12:54:14.440000Z
1.13311,1.13314,1250000.0,5440000.0572,2018-10-31T12:54:14.987000Z
1.13311,1.13313,1250000.0,1000000.0,2018-10-31T12:54:15.505000Z
1.1331,1.13313,1500000.0,1500000.0,2018-10-31T12:54:16.056000Z
1.13308,1.13311,8140000.3433,1000000.0,2018-10-31T12:54:16.162000Z
1.1330600000000002,1.13309,1500000.0,1000000.0,2018-10-31T12:54:16.269000Z
1.1330600000000002,1.13307,1000000.0,1500000.0,2018-10-31T12:54:16.323000Z
1.13303,1.13307,4010000.2289,1500000.0,2018-10-31T12:54:16.500000Z
1.1330500000000001,1.13308,1190000.0572,1570000.0525,2018-10-31T12:54:16.761000Z
1.1330500000000001,1.13309,4949999.8093,2440000.0572,2018-10-31T12:54:17.263000Z
1.133,1.13304,1000000.0,4570000.1717,2018-10-31T12:54:17.600000Z
1.13301,1.13304,1000000.0,3819999.9332,2018-10-31T12:54:18.138000Z
1.13299,1.13301,4199999.8093,1350000.0238,2018-10-31T12:54:18.401000Z
1.13299,1.13303,1440000.0572,1570000.0525,2018-10-31T12:54:18.614000Z
1.1329799999999999,1.13299,1309999.9428,1000000.0,2018-10-31T12:54:18.990000Z
1.1329500000000001,1.13299,1759999.9905,1000000.0,2018-10-31T12:54:19.200000Z
1.1329500000000001,1.133,1759999.9905,4980000.0191,2018-10-31T12:54:19.727000Z
1.1329500000000001,1.13299,5320000.1717,1250000.0,2018-10-31T12:54:20.273000Z
1.1329500000000001,1.13299,1570000.0525,1000000.0,2018-10-31T12:54:20.825000Z
1.13294,1.1329799999999999,5320000.1717,3750000.0,2018-10-31T12:54:21.348000Z
1.13294,1.13297,1570000.0525,3750000.0,2018-10-31T12:54:21.880000Z
1.13294,1.13299,4570000.1717,3259999.9905,2018-10-31T12:54:21.985000Z
1.1329500000000001,1.13299,1250000.0,1100000.0238,2018-10-31T12:54:22.538000Z
1.13294,1.1329799999999999,6820000.1717,1000000.0,2018-10-31T12:54:23.057000Z
1.1329799999999999,1.133,1690000.0572,5320000.1717,2018-10-31T12:54:24.744000Z
1.1329799999999999,1.13301,1190000.0572,2440000.0572,2018-10-31T12:54:24.849000Z
1.13297,1.13301,2440000.0572,3819999.9332,2018-10-31T12:54:24.955000Z
1.1329600000000002,1.1329799999999999,1000000.0,1000000.0,2018-10-31T12:54:25.114000Z
1.1329500000000001,1.13299,1690000.0572,3819999.9332,2018-10-31T12:54:27.002000Z
1.1329500000000001,1.13299,2440000.0572,4570000.1717,2018-10-31T12:54:27.513000Z
1.1329500000000001,1.13299,1759999.9905,1000000.0,2018-10-31T12:54:28.206000Z
1.13294,1.13299,3819999.9332,4010000.2289,2018-10-31T12:54:28.636000Z
1.13294,1.13297,1100000.0238,1000000.0,2018-10-31T12:54:28.688000Z
1.13293,1.1329600000000002,8319999.6948,1000000.0,2018-10-31T12:54:29.126000Z
1.13291,1.13294,1000000.0,1500000.0,2018-10-31T12:54:29.283000Z
1.13293,1.1329500000000001,2440000.0572,1950000.0477,2018-10-31T12:54:29.704000Z
1.13294,1.13299,2619999.8856,5250000.0,2018-10-31T12:54:29.935000Z
1.13294,1.1329799999999999,6889999.8665,1000000.0,2018-10-31T12:54:30.457000Z
1.13294,1.1329600000000002,1759999.9905,1000000.0,2018-10-31T12:54:31.131000Z
1.13293,1.1329500000000001,1000000.0,2809999.9428,2018-10-31T12:54:31.723000Z
1.1329200000000001,1.1329500000000001,1500000.0,1690000.0572,2018-10-31T12:54:32.325000Z
1.1329200000000001,1.13294,1000000.0,1000000.0,2018-10-31T12:54:35.276000Z
1.13291,1.13294,1009999.9905,1100000.0238,2018-10-31T12:54:35.849000Z
1.1329,1.13294,1870000.0048,1100000.0238,2018-10-31T12:54:36.401000Z
1.1329,1.13294,4579999.9237,1000000.0,2018-10-31T12:54:38.169000Z
1.1329,1.13294,1250000.0,6260000.2289,2018-10-31T12:54:38.758000Z
1.1329,1.13294,5889999.8665,6940000.0572,2018-10-31T12:54:39.072000Z
1.1329,1.1329200000000001,2700000.0477,1000000.0,2018-10-31T12:54:39.545000Z
1.1329,1.13294,1200000.0477,7500000.0,2018-10-31T12:54:39.599000Z
1.13289,1.13291,1309999.9428,3750000.0,2018-10-31T12:54:39.914000Z
1.13287,1.1329,1690000.0572,1500000.0,2018-10-31T12:54:40.073000Z
1.13289,1.13291,1000000.0,5320000.1717,2018-10-31T12:54:40.224000Z
1.13291,1.13293,1250000.0,1000000.0,2018-10-31T12:54:40.652000Z
1.13291,1.13294,1250000.0,1500000.0,2018-10-31T12:54:41.171000Z
1.1329,1.13294,4389999.8665,3190000.0572,2018-10-31T12:54:42.035000Z
1.13294,1.1329600000000002,1000000.0,5699999.8093,2018-10-31T12:54:42.397000Z
1.1329200000000001,1.13294,1000000.0,1250000.0,2018-10-31T12:54:42.450000Z
1.13291,1.13294,1870000.0048,4760000.2289,2018-10-31T12:54:42.984000Z
1.13291,1.13294,1000000.0,5889999.8665,2018-10-31T12:54:43.754000Z
1.13291,1.13294,1000000.0,4690000.0572,2018-10-31T12:54:44.290000Z
1.1329200000000001,1.13294,1000000.0,1500000.0,2018-10-31T12:54:44.804000Z
1.1329200000000001,1.13294,1690000.0572,1690000.0572,2018-10-31T12:54:46.763000Z
1.1329200000000001,1.13294,1250000.0,1000000.0,2018-10-31T12:54:47.278000Z
1.13291,1.1329200000000001,1570000.0525,1000000.0,2018-10-31T12:54:47.713000Z
1.1329200000000001,1.13294,1870000.0048,1000000.0,2018-10-31T12:54:47.767000Z
1.13293,1.1329500000000001,3819999.9332,1000000.0,2018-10-31T12:54:47.875000Z
1.1329200000000001,1.1329500000000001,3369999.8856,1000000.0,2018-10-31T12:54:48.414000Z
1.1329200000000001,1.1329600000000002,2140000.1049,5250000.0,2018-10-31T12:54:48.918000Z
1.13293,1.1329500000000001,1100000.0238,4500000.0,2018-10-31T12:54:49.421000Z
1.1329600000000002,1.1329799999999999,1000000.0,1000000.0,2018-10-31T12:54:49.475000Z
1.133,1.1330200000000001,10390000.3433,1000000.0,2018-10-31T12:54:49.795000Z
1.1330200000000001,1.13304,1100000.0238,2250000.0,2018-10-31T12:54:49.847000Z
1.133,1.1330200000000001,1200000.0477,2250000.0,2018-10-31T12:54:50.096000Z
1.1329799999999999,1.133,1000000.0,2619999.8856,2018-10-31T12:54:50.231000Z
1.1329799999999999,1.13301,2890000.1049,1000000.0,2018-10-31T12:54:50.744000Z
1.13289,1.1329,1120000.0048,1000000.0,2018-10-31T12:54:50.850000Z
1.13287,1.13289,2250000.0,3559999.9428,2018-10-31T12:54:51.063000Z
1.13291,1.13293,1100000.0238,6750000.0,2018-10-31T12:54:51.629000Z
1.13293,1.13294,4119999.8856,1200000.0477,2018-10-31T12:54:51.683000Z
1.13291,1.13294,3069999.9332,1000000.0,2018-10-31T12:54:52.186000Z
1.13291,1.13294,2059999.9428,1000000.0,2018-10-31T12:54:52.721000Z
1.1329200000000001,1.13294,1250000.0,1000000.0,2018-10-31T12:54:53.966000Z
1.13293,1.13294,1000000.0,1000000.0,2018-10-31T12:54:54.491000Z
1.1329600000000002,1.13299,1500000.0,3559999.9428,2018-10-31T12:54:54.734000Z
1.13301,1.13303,1000000.0,1100000.0238,2018-10-31T12:54:54.995000Z
1.13301,1.13304,5510000.2289,1000000.0,2018-10-31T12:54:55.497000Z
1.13301,1.13303,1690000.0572,1000000.0,2018-10-31T12:54:56.017000Z
1.13301,1.1330500000000001,4949999.8093,1500000.0,2018-10-31T12:54:56.162000Z
1.13301,1.13304,1759999.9905,2440000.0572,2018-10-31T12:54:56.688000Z
1.13301,1.13304,1000000.0,3559999.9428,2018-10-31T12:54:57.228000Z
1.13301,1.1330200000000001,1000000.0,1000000.0,2018-10-31T12:54:58.046000Z
1.13301,1.13304,1000000.0,2440000.0572,2018-10-31T12:54:58.462000Z
1.133,1.13304,2140000.1049,4690000.0572,2018-10-31T12:54:59.011000Z
1.133,1.13304,1759999.9905,4309999.9428,2018-10-31T12:55:00.029000Z
1.13299,1.133,1200000.0477,1000000.0,2018-10-31T12:55:00.136000Z
1.13297,1.13299,1500000.0,1500000.0,2018-10-31T12:55:00.240000Z
1.13294,1.1329600000000002,2619999.8856,3059999.9428,2018-10-31T12:55:00.398000Z
1.1329500000000001,1.13299,2509999.9905,6110000.1335,2018-10-31T12:55:00.599000Z
1.1329500000000001,1.13299,2509999.9905,4420000.0763,2018-10-31T12:55:01.120000Z
1.1329500000000001,1.13299,2140000.1049,1950000.0477,2018-10-31T12:55:01.648000Z
1.1329799999999999,1.13299,1000000.0,1000000.0,2018-10-31T12:55:02.121000Z
1.1329600000000002,1.13299,1200000.0477,1000000.0,2018-10-31T12:55:02.678000Z
1.13297,1.13301,5510000.2289,1000000.0,2018-10-31T12:55:02.992000Z
1.1329600000000002,1.13299,1200000.0477,1000000.0,2018-10-31T12:55:03.193000Z
1.13297,1.13299,1000000.0,2359999.8951,2018-10-31T12:55:03.717000Z
1.1329600000000002,1.13299,1500000.0,2440000.0572,2018-10-31T12:55:04.262000Z
1.13297,1.13299,1000000.0,3109999.8951,2018-10-31T12:55:04.797000Z
1.13297,1.1329799999999999,1000000.0,1500000.0,2018-10-31T12:55:05.802000Z
1.1329600000000002,1.13299,1500000.0,2619999.8856,2018-10-31T12:55:06.305000Z
1.13297,1.13299,1000000.0,3450000.0477,2018-10-31T12:55:07.085000Z
1.13297,1.1329799999999999,1000000.0,1000000.0,2018-10-31T12:55:07.613000Z
1.1329600000000002,1.1329799999999999,1000000.0,2250000.0,2018-10-31T12:55:08.407000Z
1.1329500000000001,1.1329600000000002,1000000.0,1000000.0,2018-10-31T12:55:08.720000Z
1.13293,1.1329600000000002,5699999.8093,1500000.0,2018-10-31T12:55:09.037000Z
1.1329200000000001,1.13294,1200000.0477,1000000.0,2018-10-31T12:55:09.195000Z
1.1329200000000001,1.1329500000000001,1000000.0,1000000.0,2018-10-31T12:55:09.872000Z
1.1329,1.13294,10199999.8093,2440000.0572,2018-10-31T12:55:10.398000Z
1.13291,1.13294,1000000.0,2809999.9428,2018-10-31T12:55:10.450000Z
1.13289,1.1329,4949999.8093,1000000.0,2018-10-31T12:55:10.503000Z
1.13291,1.13293,1000000.0,4119999.8856,2018-10-31T12:55:10.699000Z
1.1328799999999999,1.13291,2700000.0477,1000000.0,2018-10-31T12:55:10.922000Z
1.13289,1.13293,3000000.0,3079999.9237,2018-10-31T12:55:11.135000Z
1.13289,1.1329200000000001,1000000.0,2440000.0572,2018-10-31T12:55:11.550000Z
1.13287,1.1329,1250000.0,3000000.0,2018-10-31T12:55:11.724000Z
1.1328600000000002,1.1328799999999999,1100000.0238,1000000.0,2018-10-31T12:55:12.036000Z
1.1328500000000001,1.1328799999999999,1120000.0048,1000000.0,2018-10-31T12:55:12.625000Z
1.1328500000000001,1.13287,1500000.0,1000000.0,2018-10-31T12:55:14.097000Z
1.13283,1.1328600000000002,4570000.1717,1000000.0,2018-10-31T12:55:14.154000Z
1.1328500000000001,1.13287,1000000.0,1200000.0477,2018-10-31T12:55:14.509000Z
1.13283,1.1328600000000002,5699999.8093,1000000.0,2018-10-31T12:55:15.621000Z
1.13284,1.13287,8439999.5804,1000000.0,2018-10-31T12:55:16.143000Z
1.13284,1.13287,18069999.6948,1000000.0,2018-10-31T12:55:16.695000Z
1.1328500000000001,1.13289,4949999.8093,1500000.0,2018-10-31T12:55:17.176000Z
1.1328600000000002,1.13289,4690000.0572,1500000.0,2018-10-31T12:55:17.754000Z
1.13287,1.1329,3450000.0477,1870000.0048,2018-10-31T12:55:18.169000Z
1.1328799999999999,1.1329200000000001,7869999.8856,2619999.8856,2018-10-31T12:55:18.277000Z
1.13289,1.13293,8470000.267,1870000.0048,2018-10-31T12:55:18.793000Z
1.13289,1.1329200000000001,1690000.0572,1000000.0,2018-10-31T12:55:19.297000Z
1.13289,1.13293,5889999.8665,2319999.9332,2018-10-31T12:55:19.817000Z
1.1328799999999999,1.13289,4199999.8093,1500000.0,2018-10-31T12:55:19.923000Z
1.13287,1.13289,1000000.0,4760000.2289,2018-10-31T12:55:20.149000Z
1.13287,1.13289,1000000.0,3259999.9905,2018-10-31T12:55:20.666000Z
1.13287,1.1328799999999999,1000000.0,1250000.0,2018-10-31T12:55:21.571000Z
1.1328500000000001,1.13289,1000000.0,4010000.2289,2018-10-31T12:55:21.849000Z
1.1328500000000001,1.1328600000000002,1000000.0,1000000.0,2018-10-31T12:55:21.959000Z
1.1328200000000002,1.13284,1500000.0,1000000.0,2018-10-31T12:55:22.065000Z
1.13281,1.1328200000000002,1250000.0,1000000.0,2018-10-31T12:55:22.513000Z
1.1328,1.1328200000000002,2440000.0572,1000000.0,2018-10-31T12:55:23.035000Z
1.1328,1.13283,1120000.0048,1000000.0,2018-10-31T12:55:23.554000Z
1.13279,1.13281,2059999.9428,1500000.0,2018-10-31T12:55:23.884000Z
1.13276,1.13278,3000000.0,1120000.0048,2018-10-31T12:55:23.991000Z
1.1327,1.1327200000000002,1120000.0048,5099999.9046,2018-10-31T12:55:24.043000Z
1.13267,1.13269,1710000.0381,1000000.0,2018-10-31T12:55:24.199000Z
1.13266,1.13268,1240000.0095,1450000.0477,2018-10-31T12:55:24.554000Z
1.13264,1.13268,1500000.0,1000000.0,2018-10-31T12:55:24.660000Z
1.13266,1.13268,1000000.0,1200000.0477,2018-10-31T12:55:24.713000Z
1.13264,1.13268,1659999.9666,1000000.0,2018-10-31T12:55:24.899000Z
1.1326200000000002,1.13267,5320000.1717,2250000.0,2018-10-31T12:55:25.317000Z
1.1326200000000002,1.1326500000000002,1200000.0477,1009999.9905,2018-10-31T12:55:25.825000Z
1.1326,1.1326500000000002,5699999.8093,4010000.2289,2018-10-31T12:55:26.037000Z
1.1326,1.1326500000000002,5139999.8665,2140000.1049,2018-10-31T12:55:26.412000Z
1.1326100000000001,1.1326500000000002,1570000.0525,3940000.0572,2018-10-31T12:55:26.928000Z
1.1326100000000001,1.1326500000000002,1309999.9428,2509999.9905,2018-10-31T12:55:27.661000Z
1.1326,1.13263,3190000.0572,3000000.0,2018-10-31T12:55:28.183000Z
1.1326,1.1326200000000002,1000000.0,1000000.0,2018-10-31T12:55:28.846000Z
1.1326200000000002,1.13264,1690000.0572,1000000.0,2018-10-31T12:55:29.185000Z
1.1326,1.13264,4119999.8856,2700000.0477,2018-10-31T12:55:29.717000Z
1.13263,1.13266,1000000.0,1759999.9905,2018-10-31T12:55:30.185000Z
1.1326100000000001,1.13264,1570000.0525,1000000.0,2018-10-31T12:55:30.360000Z
1.1326,1.1326200000000002,3000000.0,1000000.0,2018-10-31T12:55:30.625000Z
1.1326,1.1326200000000002,1120000.0048,1100000.0238,2018-10-31T12:55:31.177000Z
1.13258,1.1326100000000001,1190000.0572,2440000.0572,2018-10-31T12:55:31.726000Z
1.13257,1.1326100000000001,4119999.8856,4389999.8665,2018-10-31T12:55:31.830000Z
1.13259,1.13263,2059999.9428,13010000.2289,2018-10-31T12:55:32.168000Z
1.1326,1.13263,1190000.0572,7760000.2289,2018-10-31T12:55:32.484000Z
1.13259,1.13263,1250000.0,5320000.1717,2018-10-31T12:55:32.808000Z
1.13259,1.1326200000000002,1190000.0572,1759999.9905,2018-10-31T12:55:33.081000Z
1.13259,1.1326100000000001,2809999.9428,1309999.9428,2018-10-31T12:55:33.459000Z
1.1326,1.1326200000000002,1250000.0,1200000.0477,2018-10-31T12:55:34.091000Z
1.13259,1.1326,3069999.9332,1120000.0048,2018-10-31T12:55:34.362000Z
1.13258,1.1326200000000002,5250000.0,3819999.9332,2018-10-31T12:55:34.469000Z
1.13259,1.13263,1759999.9905,2809999.9428,2018-10-31T12:55:35.028000Z
1.13259,1.13263,1950000.0477,2509999.9905,2018-10-31T12:55:35.551000Z
1.13259,1.13263,1120000.0048,2890000.1049,2018-10-31T12:55:36.280000Z
1.1326,1.13263,1000000.0,1950000.0477,2018-10-31T12:55:36.954000Z
1.13259,1.13263,7869999.8856,3380000.1144,2018-10-31T12:55:38.005000Z
1.13263,1.13264,1500000.0,1000000.0,2018-10-31T12:55:38.667000Z
1.13263,1.13266,2250000.0,7500000.0,2018-10-31T12:55:39.020000Z
1.1326200000000002,1.1326500000000002,1000000.0,2700000.0477,2018-10-31T12:55:39.074000Z
1.1326200000000002,1.1326500000000002,1000000.0,3069999.9332,2018-10-31T12:55:39.595000Z
1.1326,1.13264,4500000.0,2619999.8856,2018-10-31T12:55:39.910000Z
1.1326100000000001,1.1326500000000002,1190000.0572,5320000.1717,2018-10-31T12:55:40.015000Z
1.1326,1.13264,2509999.9905,1500000.0,2018-10-31T12:55:40.221000Z
1.1326,1.13264,1389999.9857,1309999.9428,2018-10-31T12:55:40.741000Z
1.13264,1.1326500000000002,2250000.0,4570000.1717,2018-10-31T12:55:41.058000Z
1.13268,1.13269,2250000.0,1000000.0,2018-10-31T12:55:41.220000Z
1.1326500000000002,1.1327,4199999.8093,3750000.0,2018-10-31T12:55:41.406000Z
1.1326500000000002,1.13268,2890000.1049,1690000.0572,2018-10-31T12:55:41.776000Z
1.13263,1.13266,1500000.0,2059999.9428,2018-10-31T12:55:42.091000Z
1.1326,1.1326500000000002,3069999.9332,4199999.8093,2018-10-31T12:55:42.408000Z
1.1326,1.1326500000000002,3640000.1049,6260000.2289,2018-10-31T12:55:43.129000Z
1.13259,1.13263,1759999.9905,3369999.8856,2018-10-31T12:55:43.762000Z
1.13259,1.1326100000000001,1000000.0,1000000.0,2018-10-31T12:55:44.263000Z
1.1326,1.13263,1190000.0572,7760000.2289,2018-10-31T12:55:45.201000Z
1.1326,1.1326200000000002,1500000.0,1120000.0048,2018-10-31T12:55:45.706000Z
1.13259,1.1326100000000001,3940000.0572,1000000.0,2018-10-31T12:55:46.290000Z
1.13259,1.1326100000000001,1500000.0,1000000.0,2018-10-31T12:55:46.827000Z
1.13259,1.1326200000000002,2250000.0,3069999.9332,2018-10-31T12:55:47.369000Z
1.13258,1.1326100000000001,4500000.0,1500000.0,2018-10-31T12:55:47.886000Z
1.13259,1.1326100000000001,1000000.0,1100000.0238,2018-10-31T12:55:48.464000Z
1.13259,1.13263,1690000.0572,10199999.8093,2018-10-31T12:55:49.647000Z
1.13259,1.13263,1690000.0572,3450000.0477,2018-10-31T12:55:50.180000Z
1.1326100000000001,1.13263,1000000.0,1120000.0048,2018-10-31T12:55:50.727000Z
1.1326100000000001,1.13263,1690000.0572,1000000.0,2018-10-31T12:55:52.366000Z
1.1326100000000001,1.13263,1570000.0525,1000000.0,2018-10-31T12:55:52.910000Z
1.1326200000000002,1.1326500000000002,2059999.9428,1500000.0,2018-10-31T12:55:52.964000Z
1.13264,1.13266,1000000.0,4199999.8093,2018-10-31T12:55:53.018000Z
1.13263,1.1326500000000002,1000000.0,1000000.0,2018-10-31T12:55:53.072000Z
1.1326200000000002,1.1326500000000002,3000000.0,1000000.0,2018-10-31T12:55:53.583000Z
1.1326,1.1326100000000001,4949999.8093,1000000.0,2018-10-31T12:55:53.639000Z
1.13258,1.1326100000000001,1950000.0477,3000000.0,2018-10-31T12:55:53.746000Z
1.1326,1.1326100000000001,1000000.0,1000000.0,2018-10-31T12:55:54.046000Z
1.1326100000000001,1.13264,1000000.0,3450000.0477,2018-10-31T12:55:54.155000Z
1.1326,1.13264,4199999.8093,1120000.0048,2018-10-31T12:55:54.680000Z
1.1326,1.13263,1950000.0477,1000000.0,2018-10-31T12:55:55.270000Z
1.1326,1.1326100000000001,1120000.0048,1000000.0,2018-10-31T12:55:55.377000Z
1.1326100000000001,1.13264,1120000.0048,1879999.9952,2018-10-31T12:55:55.536000Z
1.1326200000000002,1.1326500000000002,1000000.0,3190000.0572,2018-10-31T12:55:56.083000Z
1.1326200000000002,1.13264,1250000.0,1250000.0,2018-10-31T12:55:56.513000Z
1.1326100000000001,1.13264,4010000.2289,1250000.0,2018-10-31T12:55:57.049000Z
1.1326200000000002,1.13264,1000000.0,1690000.0572,2018-10-31T12:55:57.577000Z
1.1326200000000002,1.13263,1000000.0,1250000.0,2018-10-31T12:55:58.128000Z
1.1326,1.1326200000000002,3640000.1049,1000000.0,2018-10-31T12:55:58.235000Z
1.1326100000000001,1.13264,1250000.0,4309999.9428,2018-10-31T12:55:58.584000Z
1.13259,1.1326100000000001,1000000.0,1500000.0,2018-10-31T12:55:58.688000Z
1.13257,1.1326100000000001,4389999.8665,1000000.0,2018-10-31T12:56:00.374000Z
1.13259,1.1326100000000001,1000000.0,1000000.0,2018-10-31T12:56:00.587000Z
1.1326,1.13263,1500000.0,1690000.0572,2018-10-31T12:56:00.869000Z
1.13259,1.13263,1950000.0477,2440000.0572,2018-10-31T12:56:01.502000Z
1.1326100000000001,1.1326200000000002,1000000.0,1000000.0,2018-10-31T12:56:01.708000Z
1.1326100000000001,1.13263,2140000.1049,1000000.0,2018-10-31T12:56:02.258000Z
1.1326100000000001,1.13264,2890000.1049,1000000.0,2018-10-31T12:56:04.772000Z
1.1326100000000001,1.13264,5139999.8665,2440000.0572,2018-10-31T12:56:05.414000Z
1.1326200000000002,1.13264,1700000.0477,1690000.0572,2018-10-31T12:56:05.974000Z
1.13264,1.13266,1000000.0,1690000.0572,2018-10-31T12:56:06.029000Z
1.13264,1.13268,3450000.0477,2619999.8856,2018-10-31T12:56:06.133000Z
1.1326500000000002,1.13268,1009999.9905,3369999.8856,2018-10-31T12:56:06.401000Z
1.13264,1.13266,1200000.0477,4869999.8856,2018-10-31T12:56:06.740000Z
1.13263,1.1326500000000002,1500000.0,1000000.0,2018-10-31T12:56:07.263000Z
1.1326200000000002,1.1326500000000002,3450000.0477,2440000.0572,2018-10-31T12:56:07.839000Z
1.1326100000000001,1.13263,2890000.1049,2619999.8856,2018-10-31T12:56:09.010000Z
1.1326,1.1326200000000002,5699999.8093,1120000.0048,2018-10-31T12:56:09.169000Z
1.13258,1.13259,1200000.0477,1000000.0,2018-10-31T12:56:09.434000Z
1.13257,1.13259,1000000.0,3369999.8856,2018-10-31T12:56:09.671000Z
1.13258,1.13259,1000000.0,1000000.0,2018-10-31T12:56:10.196000Z
1.13256,1.13257,1100000.0238,3000000.0,2018-10-31T12:56:10.647000Z
1.13254,1.13257,1200000.0477,1870000.0048,2018-10-31T12:56:10.858000Z
1.13255,1.13256,1000000.0,1000000.0,2018-10-31T12:56:11.385000Z
1.13255,1.13257,1000000.0,3369999.8856,2018-10-31T12:56:11.923000Z
1.13255,1.13257,1000000.0,4119999.8856,2018-10-31T12:56:12.462000Z
1.13254,1.13256,1100000.0238,1309999.9428,2018-10-31T12:56:13.010000Z
1.13255,1.13257,1200000.0477,5619999.8856,2018-10-31T12:56:13.882000Z
1.13254,1.13256,1100000.0238,1000000.0,2018-10-31T12:56:14.392000Z
1.13255,1.13257,1000000.0,1120000.0048,2018-10-31T12:56:15.010000Z
1.1325200000000002,1.13253,1500000.0,2250000.0,2018-10-31T12:56:15.116000Z
1.1325100000000001,1.13255,2809999.9428,3750000.0,2018-10-31T12:56:15.273000Z
1.1325200000000002,1.13255,1289999.9619,1309999.9428,2018-10-31T12:56:15.378000Z
1.1325200000000002,1.13256,2700000.0477,5440000.0572,2018-10-31T12:56:15.901000Z
1.13254,1.13257,1250000.0,6940000.0572,2018-10-31T12:56:16.474000Z
1.1325200000000002,1.13254,1120000.0048,3000000.0,2018-10-31T12:56:16.814000Z
1.1325,1.1325200000000002,7570000.1717,1870000.0048,2018-10-31T12:56:19.239000Z
1.1324100000000001,1.1324400000000001,1690000.0572,3000000.0,2018-10-31T12:56:19.521000Z
1.1324400000000001,1.13245,1500000.0,4119999.8856,2018-10-31T12:56:19.575000Z
1.13245,1.13248,1250000.0,3599999.9046,2018-10-31T12:56:19.717000Z
1.13246,1.13247,1500000.0,3000000.0,2018-10-31T12:56:19.772000Z
1.1324400000000001,1.13247,1250000.0,4119999.8856,2018-10-31T12:56:20.014000Z
1.13243,1.13245,1500000.0,1500000.0,2018-10-31T12:56:20.068000Z
1.1324200000000002,1.1324400000000001,1000000.0,3940000.0572,2018-10-31T12:56:20.434000Z
1.1324100000000001,1.1324400000000001,1500000.0,2619999.8856,2018-10-31T12:56:20.486000Z
1.1324,1.1324100000000001,1000000.0,1000000.0,2018-10-31T12:56:20.644000Z
1.13239,1.1324200000000002,1250000.0,1120000.0048,2018-10-31T12:56:21.164000Z
1.1324,1.1324100000000001,1000000.0,1000000.0,2018-10-31T12:56:21.709000Z
1.13238,1.1324100000000001,1009999.9905,1000000.0,2018-10-31T12:56:22Z
1.13238,1.13239,1000000.0,1500000.0,2018-10-31T12:56:22.159000Z
1.13236,1.1324,1500000.0,11699999.8093,2018-10-31T12:56:22.212000Z
1.13236,1.1324,3559999.9428,1120000.0048,2018-10-31T12:56:22.643000Z
1.13237,1.1324,1000000.0,1100000.0238,2018-10-31T12:56:23.146000Z
1.1323400000000001,1.13238,11380000.1144,3190000.0572,2018-10-31T12:56:23.357000Z
1.13237,1.13239,1000000.0,1000000.0,2018-10-31T12:56:23.875000Z
1.13236,1.13239,1009999.9905,1000000.0,2018-10-31T12:56:24.473000Z
1.1323400000000001,1.13238,1690000.0572,3369999.8856,2018-10-31T12:56:24.795000Z
1.1323400000000001,1.13238,1440000.0572,4309999.9428,2018-10-31T12:56:24.848000Z
1.1323400000000001,1.13238,5320000.1717,1120000.0048,2018-10-31T12:56:25.478000Z
1.13236,1.13238,1190000.0572,1500000.0,2018-10-31T12:56:25.989000Z
1.13235,1.13237,1570000.0525,1690000.0572,2018-10-31T12:56:26.517000Z
1.1323400000000001,1.13235,1250000.0,1000000.0,2018-10-31T12:56:26.625000Z
1.1323200000000002,1.13235,1250000.0,1000000.0,2018-10-31T12:56:26.840000Z
1.13233,1.13235,1870000.0048,1000000.0,2018-10-31T12:56:27.222000Z
1.1323200000000002,1.13236,2920000.0763,1690000.0572,2018-10-31T12:56:27.275000Z
1.1323200000000002,1.13235,1570000.0525,1000000.0,2018-10-31T12:56:27.810000Z
1.1323100000000001,1.13235,1250000.0,1690000.0572,2018-10-31T12:56:28.332000Z
1.1323100000000001,1.13235,4760000.2289,1000000.0,2018-10-31T12:56:28.872000Z
1.13233,1.13235,1000000.0,2440000.0572,2018-10-31T12:56:29.413000Z
1.1323100000000001,1.13235,1669999.9571,1690000.0572,2018-10-31T12:56:29.466000Z
1.13233,1.1323400000000001,1000000.0,1250000.0,2018-10-31T12:56:29.680000Z
1.13233,1.13236,1000000.0,3369999.8856,2018-10-31T12:56:29.733000Z
1.1323200000000002,1.1323400000000001,1690000.0572,1250000.0,2018-10-31T12:56:30.244000Z
1.1323400000000001,1.13237,1250000.0,2250000.0,2018-10-31T12:56:30.779000Z
1.1323100000000001,1.13236,10949999.8093,2059999.9428,2018-10-31T12:56:30.991000Z
1.1323400000000001,1.13236,1000000.0,2059999.9428,2018-10-31T12:56:31.398000Z
1.1323200000000002,1.13236,2619999.8856,1690000.0572,2018-10-31T12:56:31.451000Z
1.1323200000000002,1.13235,1690000.0572,1120000.0048,2018-10-31T12:56:32.009000Z
1.1323100000000001,1.13235,3819999.9332,1120000.0048,2018-10-31T12:56:32.531000Z
1.1323200000000002,1.13235,1000000.0,1120000.0048,2018-10-31T12:56:33.072000Z
1.1323,1.1323400000000001,2700000.0477,1870000.0048,2018-10-31T12:56:33.228000Z
1.13226,1.1323100000000001,3640000.1049,3369999.8856,2018-10-31T12:56:33.477000Z
1.13226,1.1323,1759999.9905,1000000.0,2018-10-31T12:56:33.531000Z
1.13226,1.1323,1120000.0048,1799999.9523,2018-10-31T12:56:34.050000Z
1.13225,1.13229,4570000.1717,1120000.0048,2018-10-31T12:56:34.754000Z
1.13223,1.13226,6190000.0572,3599999.9046,2018-10-31T12:56:35.067000Z
1.13235,1.13238,4090000.1526,1000000.0,2018-10-31T12:56:35.377000Z
1.13233,1.13236,2700000.0477,3000000.0,2018-10-31T12:56:35.430000Z
1.1323400000000001,1.13237,1000000.0,3069999.9332,2018-10-31T12:56:35.606000Z
1.1323200000000002,1.13235,3640000.1049,1000000.0,2018-10-31T12:56:35.660000Z
1.1323100000000001,1.13233,2509999.9905,1000000.0,2018-10-31T12:56:35.976000Z
1.1323100000000001,1.13235,1500000.0,3000000.0,2018-10-31T12:56:36.207000Z
1.1323100000000001,1.1323200000000002,1000000.0,1000000.0,2018-10-31T12:56:36.467000Z
1.1323,1.1323400000000001,4389999.8665,1000000.0,2018-10-31T12:56:36.756000Z
1.1323100000000001,1.13235,1690000.0572,1500000.0,2018-10-31T12:56:37.281000Z
1.1323200000000002,1.13235,1000000.0,1120000.0048,2018-10-31T12:56:37.820000Z
1.1323100000000001,1.1323400000000001,5889999.8665,1000000.0,2018-10-31T12:56:39.050000Z
1.1323100000000001,1.13235,2700000.0477,3369999.8856,2018-10-31T12:56:39.559000Z
1.1323200000000002,1.1323400000000001,1000000.0,1000000.0,2018-10-31T12:56:40.314000Z
1.1323,1.1323200000000002,1000000.0,1000000.0,2018-10-31T12:56:40.807000Z
1.1323100000000001,1.13235,5320000.1717,2319999.9332,2018-10-31T12:56:41.100000Z
1.13233,1.13235,3750000.0,1950000.0477,2018-10-31T12:56:41.153000Z
1.1323400000000001,1.13236,7309999.9428,6449999.8093,2018-10-31T12:56:41.812000Z
1.1324,1.1324200000000002,4349999.9046,1000000.0,2018-10-31T12:56:42.020000Z
1.13238,1.1324200000000002,8319999.6948,4119999.8856,2018-10-31T12:56:42.071000Z
1.13237,1.13239,17700000.7629,1000000.0,2018-10-31T12:56:42.123000Z
1.13238,1.1324100000000001,2440000.0572,1690000.0572,2018-10-31T12:56:42.319000Z
1.13238,1.1324100000000001,1000000.0,4690000.0572,2018-10-31T12:56:42.832000Z
1.13237,1.1324100000000001,8210000.0381,1500000.0,2018-10-31T12:56:43.612000Z
1.13238,1.1324100000000001,1100000.0238,3190000.0572,2018-10-31T12:56:44.416000Z
1.13239,1.1324200000000002,5320000.1717,2250000.0,2018-10-31T12:56:44.743000Z
1.13239,1.1324,3750000.0,1000000.0,2018-10-31T12:56:44.902000Z
1.13233,1.13236,3640000.1049,3369999.8856,2018-10-31T12:56:45.010000Z
1.13233,1.1323400000000001,2319999.9332,1500000.0,2018-10-31T12:56:45.290000Z
1.1323100000000001,1.13235,5510000.2289,3369999.8856,2018-10-31T12:56:45.342000Z
1.1323,1.1323100000000001,1950000.0477,1120000.0048,2018-10-31T12:56:45.498000Z
1.13227,1.1323,1200000.0477,2440000.0572,2018-10-31T12:56:45.602000Z
1.13227,1.13229,1100000.0238,1000000.0,2018-10-31T12:56:46.104000Z
1.13226,1.13229,1950000.0477,1000000.0,2018-10-31T12:56:46.764000Z
1.13227,1.1323100000000001,2700000.0477,1570000.0525,2018-10-31T12:56:46.976000Z
1.13229,1.1323100000000001,1000000.0,1000000.0,2018-10-31T12:56:47.295000Z
1.13227,1.13229,4110000.1335,3190000.0572,2018-10-31T12:56:47.629000Z
1.13229,1.1323100000000001,2700000.0477,1500000.0,2018-10-31T12:56:47.734000Z
1.13229,1.1323200000000002,7949999.8093,2250000.0,2018-10-31T12:56:47.838000Z
1.13228,1.1323200000000002,4199999.8093,2440000.0572,2018-10-31T12:56:47.890000Z
1.13228,1.1323,1389999.9857,1000000.0,2018-10-31T12:56:48.107000Z
1.13228,1.1323200000000002,4500000.0,1570000.0525,2018-10-31T12:56:48.419000Z
1.13228,1.1323100000000001,4389999.8665,1000000.0,2018-10-31T12:56:49.007000Z
1.1323400000000001,1.13235,2809999.9428,1000000.0,2018-10-31T12:56:49.476000Z
1.13236,1.13239,3559999.9428,1100000.0238,2018-10-31T12:56:49.529000Z
1.13238,1.13239,4869999.8856,1000000.0,2018-10-31T12:56:49.634000Z
1.1324100000000001,1.13243,4500000.0,1000000.0,2018-10-31T12:56:49.846000Z
1.1324,1.1324100000000001,2059999.9428,1200000.0477,2018-10-31T12:56:49.900000Z
1.13236,1.13237,1500000.0,1000000.0,2018-10-31T12:56:49.953000Z
1.13236,1.13238,4119999.8856,1000000.0,2018-10-31T12:56:50.005000Z
1.13237,1.1324,4500000.0,1309999.9428,2018-10-31T12:56:50.165000Z
1.13235,1.13238,4760000.2289,1870000.0048,2018-10-31T12:56:50.702000Z
1.13237,1.13239,1250000.0,1000000.0,2018-10-31T12:56:51.251000Z
1.1323400000000001,1.13236,4199999.8093,1000000.0,2018-10-31T12:56:52.006000Z
1.13233,1.13236,3750000.0,1500000.0,2018-10-31T12:56:52.060000Z
1.1323100000000001,1.13233,1000000.0,3000000.0,2018-10-31T12:56:52.384000Z
1.13227,1.13229,1000000.0,2099999.9046,2018-10-31T12:56:52.693000Z
1.13227,1.1323,4500000.0,1500000.0,2018-10-31T12:56:52.747000Z
1.13229,1.1323,3750000.0,1500000.0,2018-10-31T12:56:52.801000Z
1.13227,1.1323,3750000.0,1870000.0048,2018-10-31T12:56:52.855000Z
1.13225,1.13229,1759999.9905,1500000.0,2018-10-31T12:56:53.303000Z
1.13225,1.13227,1500000.0,1000000.0,2018-10-31T12:56:53.357000Z
1.13227,1.1323,3750000.0,1500000.0,2018-10-31T12:56:53.570000Z
1.13226,1.1323,5320000.1717,2619999.8856,2018-10-31T12:56:54.468000Z
1.13226,1.1323,1250000.0,3750000.0,2018-10-31T12:56:54.905000Z
1.13225,1.13227,1100000.0238,1029999.9714,2018-10-31T12:56:55.278000Z
1.13226,1.13229,1000000.0,1779999.9714,2018-10-31T12:56:55.464000Z
1.13226,1.13229,1200000.0477,1029999.9714,2018-10-31T12:56:56.023000Z
1.13226,1.13229,1000000.0,1279999.9714,2018-10-31T12:56:56.565000Z
