bid,ask,bid_vol,ask_vol,time
1.0896299999999999,1.08966,1950000.0477,1690000.0572,2019-09-30T12:45:04.078000Z
1.0896299999999999,1.08965,1120000.0048,4690000.0572,2019-09-30T12:45:04.231000Z
1.08962,1.08964,1200000.0477,5440000.0572,2019-09-30T12:45:04.353000Z
1.0896000000000001,1.0896299999999999,1389999.9857,500000.0,2019-09-30T12:45:04.455000Z
1.0896000000000001,1.08962,1200000.0477,500000.0,2019-09-30T12:45:06.587000Z
1.08959,1.08962,4760000.2289,2250000.0,2019-09-30T12:45:07.131000Z
1.0896000000000001,1.08962,500000.0,2619999.8856,2019-09-30T12:45:07.233000Z
1.0896000000000001,1.0896299999999999,1200000.0477,2059999.9428,2019-09-30T12:45:07.687000Z
1.0896000000000001,1.0896100000000002,1200000.0477,500000.0,2019-09-30T12:45:08.122000Z
1.0896000000000001,1.0896299999999999,1200000.0477,2059999.9428,2019-09-30T12:45:08.173000Z
1.0896000000000001,1.08962,1120000.0048,1309999.9428,2019-09-30T12:45:09.213000Z
1.08959,1.08962,3450000.0477,3559999.9428,2019-09-30T12:45:09.315000Z
1.08959,1.0896100000000002,1950000.0477,500000.0,2019-09-30T12:45:10.097000Z
1.08959,1.08962,1120000.0048,3559999.9428,2019-09-30T12:45:10.199000Z
1.08959,1.0896000000000001,1120000.0048,500000.0,2019-09-30T12:45:10.250000Z
1.08959,1.0896100000000002,500000.0,750000.0,2019-09-30T12:45:10.352000Z
1.0896000000000001,1.0896100000000002,1200000.0477,750000.0,2019-09-30T12:45:10.899000Z
1.0896000000000001,1.08962,1200000.0477,4690000.0572,2019-09-30T12:45:11.216000Z
1.08959,1.08962,1120000.0048,3940000.0572,2019-09-30T12:45:11.317000Z
1.08958,1.08962,2140000.1049,3190000.0572,2019-09-30T12:45:11.429000Z
1.08959,1.08962,750000.0,5440000.0572,2019-09-30T12:45:11.558000Z
1.08958,1.0896100000000002,2140000.1049,750000.0,2019-09-30T12:45:11.689000Z
1.08958,1.08962,1389999.9857,3940000.0572,2019-09-30T12:45:11.844000Z
1.08958,1.08962,1200000.0477,6619999.8856,2019-09-30T12:45:11.946000Z
1.08959,1.0896100000000002,1320000.0525,939999.9976,2019-09-30T12:45:12.048000Z
1.08958,1.0896100000000002,1200000.0477,939999.9976,2019-09-30T12:45:12.100000Z
1.08959,1.0896100000000002,1200000.0477,1500000.0,2019-09-30T12:45:13.278000Z
1.0896000000000001,1.0896100000000002,1120000.0048,1500000.0,2019-09-30T12:45:13.379000Z
1.08959,1.0896100000000002,1200000.0477,750000.0,2019-09-30T12:45:13.566000Z
1.08958,1.08959,1200000.0477,939999.9976,2019-09-30T12:45:14.822000Z
1.08956,1.08958,1759999.9905,1690000.0572,2019-09-30T12:45:14.873000Z
1.08956,1.08959,2619999.8856,1690000.0572,2019-09-30T12:45:14.974000Z
1.08958,1.0896100000000002,750000.0,2440000.0572,2019-09-30T12:45:15.098000Z
1.08958,1.0896000000000001,1950000.0477,939999.9976,2019-09-30T12:45:15.200000Z
1.08958,1.0896100000000002,1950000.0477,750000.0,2019-09-30T12:45:18.372000Z
1.08959,1.0896100000000002,500000.0,750000.0,2019-09-30T12:45:18.474000Z
1.08959,1.08962,1200000.0477,3940000.0572,2019-09-30T12:45:18.632000Z
1.0896000000000001,1.08962,500000.0,3190000.0572,2019-09-30T12:45:19.300000Z
1.08959,1.08962,2140000.1049,1690000.0572,2019-09-30T12:45:19.401000Z
1.0896000000000001,1.08962,1200000.0477,1690000.0572,2019-09-30T12:45:19.503000Z
1.08959,1.08962,2890000.1049,1690000.0572,2019-09-30T12:45:19.656000Z
1.08959,1.0896100000000002,3640000.1049,750000.0,2019-09-30T12:45:21.067000Z
1.08959,1.08962,2890000.1049,1690000.0572,2019-09-30T12:45:21.219000Z
1.08959,1.0896100000000002,1690000.0572,750000.0,2019-09-30T12:45:21.522000Z
1.08959,1.08962,1200000.0477,1690000.0572,2019-09-30T12:45:23.858000Z
1.08959,1.0896100000000002,1200000.0477,750000.0,2019-09-30T12:45:25.073000Z
1.08959,1.08962,1200000.0477,1690000.0572,2019-09-30T12:45:25.177000Z
1.08959,1.0896100000000002,1200000.0477,750000.0,2019-09-30T12:45:25.978000Z
1.08958,1.0896100000000002,4869999.8856,750000.0,2019-09-30T12:45:26.079000Z
1.0895700000000001,1.0896100000000002,2809999.9428,750000.0,2019-09-30T12:45:26.181000Z
1.08958,1.0896100000000002,750000.0,750000.0,2019-09-30T12:45:26.283000Z
1.0895700000000001,1.08958,1120000.0048,1500000.0,2019-09-30T12:45:27.908000Z
1.08954,1.08958,4449999.8093,1500000.0,2019-09-30T12:45:27.959000Z
1.08956,1.08958,939999.9976,750000.0,2019-09-30T12:45:28.061000Z
1.0895700000000001,1.08959,750000.0,1570000.0525,2019-09-30T12:45:28.587000Z
1.08956,1.08959,3940000.0572,750000.0,2019-09-30T12:45:28.688000Z
1.08956,1.08958,3190000.0572,1500000.0,2019-09-30T12:45:28.841000Z
1.08956,1.08959,939999.9976,2250000.0,2019-09-30T12:45:28.943000Z
1.08956,1.08958,750000.0,1500000.0,2019-09-30T12:45:29.841000Z
1.08955,1.0895700000000001,1120000.0048,1500000.0,2019-09-30T12:45:29.942000Z
1.08954,1.0895700000000001,1690000.0572,1500000.0,2019-09-30T12:45:30.053000Z
1.08954,1.08956,3190000.0572,750000.0,2019-09-30T12:45:30.205000Z
1.08954,1.0895700000000001,1690000.0572,1500000.0,2019-09-30T12:45:30.407000Z
1.08956,1.08958,750000.0,1500000.0,2019-09-30T12:45:31.098000Z
1.0895700000000001,1.0896000000000001,1500000.0,1500000.0,2019-09-30T12:45:31.255000Z
1.08958,1.0896000000000001,750000.0,1500000.0,2019-09-30T12:45:32.328000Z
1.08959,1.0896100000000002,750000.0,1500000.0,2019-09-30T12:45:33.208000Z
1.08959,1.0896299999999999,4119999.8856,2140000.1049,2019-09-30T12:45:33.259000Z
1.0896100000000002,1.0896299999999999,750000.0,1500000.0,2019-09-30T12:45:33.360000Z
1.0896100000000002,1.08962,750000.0,750000.0,2019-09-30T12:45:33.601000Z
1.0896000000000001,1.08962,2809999.9428,750000.0,2019-09-30T12:45:34.459000Z
1.0896000000000001,1.0896299999999999,939999.9976,1500000.0,2019-09-30T12:45:34.568000Z
1.0896000000000001,1.08962,939999.9976,750000.0,2019-09-30T12:45:34.714000Z
1.0896000000000001,1.0896299999999999,939999.9976,1500000.0,2019-09-30T12:45:35.223000Z
1.0896100000000002,1.0896299999999999,1200000.0477,1500000.0,2019-09-30T12:45:35.325000Z
1.0896000000000001,1.0896299999999999,2140000.1049,1500000.0,2019-09-30T12:45:36.617000Z
1.0896100000000002,1.0896299999999999,1120000.0048,1500000.0,2019-09-30T12:45:36.721000Z
1.0896000000000001,1.0896299999999999,2140000.1049,1500000.0,2019-09-30T12:45:37.057000Z
1.0896000000000001,1.08962,2140000.1049,750000.0,2019-09-30T12:45:37.346000Z
1.0896000000000001,1.0896299999999999,1450000.0477,1500000.0,2019-09-30T12:45:37.938000Z
1.0896100000000002,1.08964,2869999.8856,750000.0,2019-09-30T12:45:39.088000Z
1.08962,1.08965,2440000.0572,1500000.0,2019-09-30T12:45:39.200000Z
1.08962,1.08965,2500000.0,1500000.0,2019-09-30T12:45:39.302000Z
1.08964,1.0896700000000001,2440000.0572,1500000.0,2019-09-30T12:45:41.692000Z
1.08966,1.08968,750000.0,1500000.0,2019-09-30T12:45:41.794000Z
1.08966,1.08969,500000.0,2440000.0572,2019-09-30T12:45:41.937000Z
1.08965,1.08969,4760000.2289,1690000.0572,2019-09-30T12:45:42.701000Z
1.08966,1.08969,1120000.0048,1690000.0572,2019-09-30T12:45:43.355000Z
1.08966,1.0897000000000001,2200000.0477,2059999.9428,2019-09-30T12:45:43.457000Z
1.0896700000000001,1.0897000000000001,500000.0,1820000.0525,2019-09-30T12:45:43.659000Z
1.08966,1.0897000000000001,750000.0,2119999.8856,2019-09-30T12:45:43.760000Z
1.08965,1.08969,2890000.1049,939999.9976,2019-09-30T12:45:43.962000Z
1.08966,1.08969,750000.0,1690000.0572,2019-09-30T12:45:45.460000Z
1.08965,1.0896700000000001,1120000.0048,750000.0,2019-09-30T12:45:45.730000Z
1.0896299999999999,1.0896700000000001,2890000.1049,5320000.1717,2019-09-30T12:45:45.882000Z
1.0896299999999999,1.08966,2140000.1049,750000.0,2019-09-30T12:45:46.276000Z
1.0896299999999999,1.0896700000000001,2140000.1049,2319999.9332,2019-09-30T12:45:46.377000Z
1.08964,1.0896700000000001,750000.0,3819999.9332,2019-09-30T12:45:46.607000Z
1.0896299999999999,1.0896700000000001,2140000.1049,2319999.9332,2019-09-30T12:45:46.946000Z
1.08964,1.0896700000000001,750000.0,3069999.9332,2019-09-30T12:45:48.776000Z
1.0896299999999999,1.0896700000000001,2140000.1049,2319999.9332,2019-09-30T12:45:48.896000Z
1.08964,1.0896700000000001,750000.0,3450000.0477,2019-09-30T12:45:49.257000Z
1.0896299999999999,1.08966,2140000.1049,750000.0,2019-09-30T12:45:50.056000Z
1.0896100000000002,1.08964,4570000.1717,3940000.0572,2019-09-30T12:45:51.267000Z
1.08958,1.0896100000000002,2869999.8856,939999.9976,2019-09-30T12:45:51.368000Z
1.0896000000000001,1.08962,1000000.0,750000.0,2019-09-30T12:45:54.502000Z
1.0896000000000001,1.0896299999999999,1750000.0,750000.0,2019-09-30T12:45:54.553000Z
1.0896000000000001,1.0896299999999999,2809999.9428,750000.0,2019-09-30T12:45:54.655000Z
1.0896000000000001,1.08962,2890000.1049,750000.0,2019-09-30T12:45:56.130000Z
1.08959,1.0896100000000002,1200000.0477,1500000.0,2019-09-30T12:45:58.166000Z
1.08958,1.0896100000000002,1389999.9857,1500000.0,2019-09-30T12:45:58.267000Z
1.0895700000000001,1.08959,1200000.0477,4500000.0,2019-09-30T12:45:59.540000Z
1.08955,1.0895700000000001,1389999.9857,750000.0,2019-09-30T12:45:59.658000Z
1.08955,1.08958,2250000.0,1690000.0572,2019-09-30T12:45:59.759000Z
1.08956,1.08959,2950000.0477,8619999.8856,2019-09-30T12:45:59.861000Z
1.08956,1.08959,639999.9857,7500000.0,2019-09-30T12:45:59.911000Z
1.08956,1.0895700000000001,560000.0024,750000.0,2019-09-30T12:46:00.266000Z
1.08955,1.0895700000000001,1500000.0,750000.0,2019-09-30T12:46:00.368000Z
1.08955,1.08958,2250000.0,1309999.9428,2019-09-30T12:46:00.870000Z
1.08955,1.08959,2890000.1049,5809999.9428,2019-09-30T12:46:03.416000Z
1.08956,1.08959,1120000.0048,2440000.0572,2019-09-30T12:46:03.669000Z
1.0895700000000001,1.08959,939999.9976,1120000.0048,2019-09-30T12:46:03.770000Z
1.08958,1.08959,560000.0024,1120000.0048,2019-09-30T12:46:03.871000Z
1.0895700000000001,1.08959,1500000.0,750000.0,2019-09-30T12:46:08.137000Z
1.0895700000000001,1.0896000000000001,1000000.0,1120000.0048,2019-09-30T12:46:08.290000Z
1.08958,1.0896000000000001,1000000.0,1120000.0048,2019-09-30T12:46:11.956000Z
1.08959,1.08962,3190000.0572,3250000.0,2019-09-30T12:46:12.128000Z
1.08962,1.0896299999999999,750000.0,750000.0,2019-09-30T12:46:12.229000Z
1.08962,1.08965,3069999.9332,939999.9976,2019-09-30T12:46:12.280000Z
1.0896299999999999,1.08966,1500000.0,1750000.0,2019-09-30T12:46:12.381000Z
1.0896299999999999,1.0896700000000001,750000.0,6619999.8856,2019-09-30T12:46:12.482000Z
1.0896299999999999,1.0896700000000001,939999.9976,5809999.9428,2019-09-30T12:46:12.620000Z
1.0896299999999999,1.08966,1389999.9857,750000.0,2019-09-30T12:46:23.735000Z
1.0896299999999999,1.0896700000000001,1389999.9857,3259999.9905,2019-09-30T12:46:23.844000Z
1.08964,1.0896700000000001,1200000.0477,2440000.0572,2019-09-30T12:46:29.085000Z
1.0896299999999999,1.0896700000000001,1009999.9905,3190000.0572,2019-09-30T12:46:29.186000Z
1.08964,1.0896700000000001,500000.0,2440000.0572,2019-09-30T12:46:29.287000Z
1.08962,1.0896700000000001,4449999.8093,2440000.0572,2019-09-30T12:46:30.838000Z
1.0896299999999999,1.08966,639999.9857,750000.0,2019-09-30T12:46:31.219000Z
1.0896299999999999,1.0896700000000001,560000.0024,2440000.0572,2019-09-30T12:46:31.320000Z
1.0896299999999999,1.08966,1759999.9905,500000.0,2019-09-30T12:46:33.951000Z
1.0896299999999999,1.0896700000000001,2509999.9905,3559999.9428,2019-09-30T12:46:40.312000Z
1.0896299999999999,1.08966,2890000.1049,500000.0,2019-09-30T12:46:41.561000Z
1.0896299999999999,1.0896700000000001,2890000.1049,2809999.9428,2019-09-30T12:46:41.995000Z
1.08964,1.0896700000000001,600000.0238,2809999.9428,2019-09-30T12:46:42.146000Z
1.08966,1.08968,750000.0,3940000.0572,2019-09-30T12:46:44.483000Z
1.0896700000000001,1.08969,2700000.0477,939999.9976,2019-09-30T12:46:44.584000Z
1.08968,1.0897100000000002,750000.0,4750000.0,2019-09-30T12:46:44.685000Z
1.08968,1.0897100000000002,750000.0,2440000.0572,2019-09-30T12:46:44.736000Z
1.0896700000000001,1.0897000000000001,5139999.8665,750000.0,2019-09-30T12:46:44.894000Z
1.08968,1.08972,1200000.0477,4500000.0,2019-09-30T12:46:46.069000Z
1.08973,1.08975,750000.0,1370000.0048,2019-09-30T12:46:46.190000Z
1.08973,1.08976,939999.9976,1750000.0,2019-09-30T12:46:46.291000Z
1.08973,1.0897700000000001,1759999.9905,939999.9976,2019-09-30T12:46:47.360000Z
1.08974,1.0897700000000001,1950000.0477,1690000.0572,2019-09-30T12:46:47.563000Z
1.08974,1.08976,819999.9928,750000.0,2019-09-30T12:46:48.219000Z
1.08974,1.0897700000000001,750000.0,939999.9976,2019-09-30T12:46:48.513000Z
1.08976,1.08978,750000.0,2250000.0,2019-09-30T12:46:49.478000Z
1.0897700000000001,1.0898,3450000.0477,2119999.8856,2019-09-30T12:46:49.608000Z
1.08978,1.0898,2099999.9046,939999.9976,2019-09-30T12:46:49.709000Z
1.08978,1.0898100000000002,750000.0,2869999.8856,2019-09-30T12:46:49.810000Z
1.08979,1.0898100000000002,1200000.0477,1750000.0,2019-09-30T12:46:49.967000Z
1.08979,1.0898200000000002,1200000.0477,3559999.9428,2019-09-30T12:46:50.069000Z
1.08979,1.0898200000000002,600000.0238,2119999.8856,2019-09-30T12:46:50.119000Z
1.08978,1.0898,3259999.9905,939999.9976,2019-09-30T12:46:50.274000Z
1.0898,1.0898200000000002,2809999.9428,750000.0,2019-09-30T12:46:50.376000Z
1.0898100000000002,1.08985,5699999.8093,1370000.0048,2019-09-30T12:46:50.426000Z
1.0898200000000002,1.08985,1000000.0,939999.9976,2019-09-30T12:46:50.477000Z
1.08983,1.08986,850000.0238,2059999.9428,2019-09-30T12:46:50.679000Z
1.08983,1.08985,1450000.0477,750000.0,2019-09-30T12:46:50.781000Z
1.0898200000000002,1.08986,6699999.8093,1690000.0572,2019-09-30T12:46:50.987000Z
1.0898200000000002,1.08986,4199999.8093,1750000.0,2019-09-30T12:46:51.108000Z
1.0898200000000002,1.08986,5199999.8093,2250000.0,2019-09-30T12:46:51.218000Z
1.08986,1.08988,1950000.0477,500000.0,2019-09-30T12:46:53.765000Z
1.0898700000000001,1.0899100000000002,2250000.0,750000.0,2019-09-30T12:46:53.866000Z
1.08988,1.0899100000000002,1570000.0525,1370000.0048,2019-09-30T12:46:53.969000Z
1.0898700000000001,1.0899100000000002,5139999.8665,750000.0,2019-09-30T12:46:54.071000Z
1.08988,1.0899100000000002,819999.9928,1370000.0048,2019-09-30T12:46:54.172000Z
1.08988,1.0899100000000002,819999.9928,1370000.0048,2019-09-30T12:46:54.324000Z
1.08988,1.0899100000000002,2890000.1049,750000.0,2019-09-30T12:46:54.668000Z
1.08989,1.0899100000000002,500000.0,750000.0,2019-09-30T12:46:54.770000Z
1.0899200000000002,1.08994,1759999.9905,3000000.0,2019-09-30T12:46:54.822000Z
1.08993,1.08996,639999.9857,500000.0,2019-09-30T12:46:54.873000Z
1.08994,1.08996,600000.0238,1120000.0048,2019-09-30T12:46:55.075000Z
1.0899200000000002,1.08996,2569999.9332,1120000.0048,2019-09-30T12:46:55.177000Z
1.0899200000000002,1.08994,1500000.0,2440000.0572,2019-09-30T12:46:55.584000Z
1.0899100000000002,1.08994,2509999.9905,1000000.0,2019-09-30T12:46:55.635000Z
1.08993,1.08994,750000.0,560000.0024,2019-09-30T12:46:55.739000Z
1.0899100000000002,1.08995,750000.0,1950000.0477,2019-09-30T12:46:55.840000Z
1.0899200000000002,1.08995,819999.9928,2500000.0,2019-09-30T12:46:55.941000Z
1.0899200000000002,1.08995,819999.9928,939999.9976,2019-09-30T12:46:56.042000Z
1.0899200000000002,1.08995,819999.9928,1000000.0,2019-09-30T12:46:56.093000Z
1.0899200000000002,1.08995,1009999.9905,750000.0,2019-09-30T12:46:56.144000Z
1.0899100000000002,1.08994,819999.9928,2059999.9428,2019-09-30T12:46:56.245000Z
1.0899,1.08993,1009999.9905,1389999.9857,2019-09-30T12:46:56.347000Z
1.08989,1.08993,2700000.0477,2500000.0,2019-09-30T12:46:56.448000Z
1.0899,1.08993,750000.0,5199999.8093,2019-09-30T12:46:56.549000Z
1.08989,1.08993,2619999.8856,4820000.1717,2019-09-30T12:46:56.746000Z
1.08989,1.0899200000000002,500000.0,3619999.8856,2019-09-30T12:46:57.761000Z
1.08988,1.0899200000000002,1570000.0525,3619999.8856,2019-09-30T12:46:57.862000Z
1.08988,1.0899,819999.9928,2440000.0572,2019-09-30T12:46:57.987000Z
1.0898700000000001,1.0899,1500000.0,1309999.9428,2019-09-30T12:46:58.089000Z
1.08988,1.08989,750000.0,750000.0,2019-09-30T12:46:59.946000Z
1.0898700000000001,1.08988,750000.0,750000.0,2019-09-30T12:47:00.047000Z
1.0898700000000001,1.08988,750000.0,750000.0,2019-09-30T12:47:00.199000Z
1.08985,1.0898700000000001,819999.9928,750000.0,2019-09-30T12:47:00.505000Z
1.08985,1.08988,600000.0238,2809999.9428,2019-09-30T12:47:00.658000Z
1.08984,1.0898700000000001,2890000.1049,1120000.0048,2019-09-30T12:47:02.657000Z
1.08983,1.08986,4010000.2289,750000.0,2019-09-30T12:47:02.760000Z
1.08984,1.08985,500000.0,939999.9976,2019-09-30T12:47:02.899000Z
1.0898200000000002,1.08985,1950000.0477,3190000.0572,2019-09-30T12:47:02.950000Z
1.0898100000000002,1.08985,1759999.9905,2440000.0572,2019-09-30T12:47:03.153000Z
1.0898200000000002,1.08985,600000.0238,4690000.0572,2019-09-30T12:47:03.254000Z
1.08983,1.0898700000000001,1450000.0477,2119999.8856,2019-09-30T12:47:03.356000Z
1.0898700000000001,1.08988,750000.0,1500000.0,2019-09-30T12:47:03.457000Z
1.0898700000000001,1.0899100000000002,1950000.0477,1750000.0,2019-09-30T12:47:03.614000Z
1.0898700000000001,1.08988,1950000.0477,750000.0,2019-09-30T12:47:03.715000Z
1.0898700000000001,1.08989,750000.0,750000.0,2019-09-30T12:47:03.834000Z
1.0898700000000001,1.0899,1950000.0477,1690000.0572,2019-09-30T12:47:04.189000Z
1.0898700000000001,1.08989,1950000.0477,750000.0,2019-09-30T12:47:04.916000Z
1.0898700000000001,1.08988,750000.0,750000.0,2019-09-30T12:47:05.068000Z
1.08986,1.08988,1389999.9857,500000.0,2019-09-30T12:47:05.169000Z
1.08986,1.08989,1389999.9857,2059999.9428,2019-09-30T12:47:05.271000Z
1.08986,1.0899,2140000.1049,939999.9976,2019-09-30T12:47:05.372000Z
1.08988,1.0899,600000.0238,939999.9976,2019-09-30T12:47:05.495000Z
1.0898700000000001,1.0899,1950000.0477,939999.9976,2019-09-30T12:47:05.665000Z
1.0898700000000001,1.0899100000000002,2200000.0477,2619999.8856,2019-09-30T12:47:05.768000Z
1.08989,1.0899100000000002,1200000.0477,4869999.8856,2019-09-30T12:47:05.870000Z
1.08988,1.0899100000000002,560000.0024,2619999.8856,2019-09-30T12:47:06.308000Z
1.08988,1.0899100000000002,1200000.0477,2869999.8856,2019-09-30T12:47:06.560000Z
1.08988,1.0899100000000002,1200000.0477,2619999.8856,2019-09-30T12:47:06.793000Z
1.0899200000000002,1.08995,750000.0,2500000.0,2019-09-30T12:47:06.894000Z
1.0899200000000002,1.08995,750000.0,1690000.0572,2019-09-30T12:47:06.945000Z
1.08993,1.08995,600000.0238,2059999.9428,2019-09-30T12:47:07.046000Z
1.0899200000000002,1.08995,1950000.0477,2059999.9428,2019-09-30T12:47:07.147000Z
1.0899200000000002,1.08994,1200000.0477,750000.0,2019-09-30T12:47:07.622000Z
1.08993,1.08996,500000.0,8119999.8856,2019-09-30T12:47:09.193000Z
1.08993,1.08996,1389999.9857,750000.0,2019-09-30T12:47:09.395000Z
1.08994,1.08996,1200000.0477,750000.0,2019-09-30T12:47:09.523000Z
1.08993,1.08996,1950000.0477,1750000.0,2019-09-30T12:47:10.092000Z
1.0899200000000002,1.08995,1950000.0477,1690000.0572,2019-09-30T12:47:10.143000Z
1.0899100000000002,1.08994,1950000.0477,2869999.8856,2019-09-30T12:47:10.244000Z
1.0899200000000002,1.08996,3450000.0477,5869999.8856,2019-09-30T12:47:10.518000Z
1.0899200000000002,1.08996,3450000.0477,5119999.8856,2019-09-30T12:47:10.569000Z
1.08993,1.08996,750000.0,2809999.9428,2019-09-30T12:47:10.923000Z
1.0899200000000002,1.08996,2890000.1049,2059999.9428,2019-09-30T12:47:11.024000Z
1.08993,1.08996,819999.9928,939999.9976,2019-09-30T12:47:11.249000Z
1.0899200000000002,1.08995,2890000.1049,1000000.0,2019-09-30T12:47:11.374000Z
1.08993,1.08996,600000.0238,1750000.0,2019-09-30T12:47:11.527000Z
1.08993,1.08996,600000.0238,939999.9976,2019-09-30T12:47:11.730000Z
1.0899200000000002,1.08996,3640000.1049,939999.9976,2019-09-30T12:47:11.831000Z
1.0899200000000002,1.08995,2890000.1049,750000.0,2019-09-30T12:47:11.957000Z
1.08993,1.08995,1200000.0477,939999.9976,2019-09-30T12:47:12.059000Z
1.08993,1.08994,600000.0238,939999.9976,2019-09-30T12:47:12.160000Z
1.0899100000000002,1.08994,1450000.0477,4690000.0572,2019-09-30T12:47:12.261000Z
1.0899100000000002,1.08993,750000.0,4000000.0,2019-09-30T12:47:12.362000Z
1.0899100000000002,1.08993,1200000.0477,560000.0024,2019-09-30T12:47:12.521000Z
1.0899100000000002,1.0899200000000002,1200000.0477,750000.0,2019-09-30T12:47:12.623000Z
1.0899,1.0899200000000002,3069999.9332,750000.0,2019-09-30T12:47:12.908000Z
1.0899100000000002,1.0899200000000002,600000.0238,750000.0,2019-09-30T12:47:13.161000Z
1.0899,1.0899200000000002,1870000.0048,750000.0,2019-09-30T12:47:13.263000Z
1.0899,1.08993,1570000.0525,5059999.9428,2019-09-30T12:47:13.438000Z
1.08989,1.08993,2890000.1049,2809999.9428,2019-09-30T12:47:15.048000Z
1.08989,1.0899200000000002,2890000.1049,1500000.0,2019-09-30T12:47:15.149000Z
1.08989,1.0899200000000002,600000.0238,7369999.8856,2019-09-30T12:47:15.301000Z
1.0898700000000001,1.0899,1950000.0477,1690000.0572,2019-09-30T12:47:15.402000Z
1.08985,1.0898700000000001,2890000.1049,750000.0,2019-09-30T12:47:15.453000Z
1.08985,1.08988,4199999.8093,2059999.9428,2019-09-30T12:47:15.532000Z
1.08986,1.08989,4949999.8093,1750000.0,2019-09-30T12:47:15.582000Z
1.08988,1.0899100000000002,1120000.0048,1500000.0,2019-09-30T12:47:15.684000Z
1.08988,1.0899100000000002,1120000.0048,2500000.0,2019-09-30T12:47:15.734000Z
1.08989,1.0899,1950000.0477,939999.9976,2019-09-30T12:47:15.852000Z
1.08989,1.0899100000000002,1950000.0477,1690000.0572,2019-09-30T12:47:16.457000Z
1.08988,1.0899,2509999.9905,750000.0,2019-09-30T12:47:16.563000Z
1.08988,1.0899100000000002,2140000.1049,1690000.0572,2019-09-30T12:47:17.474000Z
1.08989,1.0899100000000002,1200000.0477,1690000.0572,2019-09-30T12:47:17.727000Z
1.08989,1.0899100000000002,1200000.0477,1690000.0572,2019-09-30T12:47:18.324000Z
1.08988,1.0899100000000002,600000.0238,3619999.8856,2019-09-30T12:47:18.426000Z
1.08986,1.08988,1200000.0477,750000.0,2019-09-30T12:47:18.527000Z
1.08985,1.08988,1500000.0,1500000.0,2019-09-30T12:47:18.578000Z
1.08984,1.08988,1950000.0477,5059999.9428,2019-09-30T12:47:18.679000Z
1.08985,1.08988,600000.0238,5440000.0572,2019-09-30T12:47:19.451000Z
1.08985,1.0898700000000001,600000.0238,2250000.0,2019-09-30T12:47:19.747000Z
1.08985,1.0898700000000001,600000.0238,1500000.0,2019-09-30T12:47:19.934000Z
1.08984,1.0898700000000001,750000.0,1500000.0,2019-09-30T12:47:20.267000Z
1.08984,1.0898700000000001,750000.0,3000000.0,2019-09-30T12:47:20.420000Z
1.08984,1.0898700000000001,750000.0,1500000.0,2019-09-30T12:47:20.521000Z
1.08985,1.0898700000000001,600000.0238,1690000.0572,2019-09-30T12:47:21.332000Z
1.08985,1.08988,1200000.0477,2250000.0,2019-09-30T12:47:21.534000Z
1.08986,1.08989,639999.9857,1750000.0,2019-09-30T12:47:22.040000Z
1.08985,1.08989,2140000.1049,2500000.0,2019-09-30T12:47:22.500000Z
1.08985,1.0898700000000001,1389999.9857,750000.0,2019-09-30T12:47:22.602000Z
1.08984,1.08988,2700000.0477,1690000.0572,2019-09-30T12:47:22.704000Z
1.08985,1.08988,600000.0238,1690000.0572,2019-09-30T12:47:22.805000Z
1.08986,1.08988,1120000.0048,1690000.0572,2019-09-30T12:47:23.467000Z
1.0898700000000001,1.08989,1950000.0477,750000.0,2019-09-30T12:47:23.569000Z
1.0898700000000001,1.08988,600000.0238,750000.0,2019-09-30T12:47:23.671000Z
1.08986,1.08988,750000.0,750000.0,2019-09-30T12:47:23.774000Z
1.08986,1.08989,1570000.0525,2440000.0572,2019-09-30T12:47:24.543000Z
1.08986,1.0898700000000001,1570000.0525,750000.0,2019-09-30T12:47:24.594000Z
1.08985,1.08988,1200000.0477,2250000.0,2019-09-30T12:47:24.695000Z
1.08985,1.0898700000000001,1950000.0477,1500000.0,2019-09-30T12:47:24.797000Z
1.08985,1.08986,1950000.0477,750000.0,2019-09-30T12:47:24.898000Z
1.08985,1.0898700000000001,1950000.0477,1500000.0,2019-09-30T12:47:25.156000Z
1.08985,1.08986,1950000.0477,750000.0,2019-09-30T12:47:25.258000Z
1.08985,1.0898700000000001,1200000.0477,1500000.0,2019-09-30T12:47:25.478000Z
1.08986,1.0898700000000001,1200000.0477,1500000.0,2019-09-30T12:47:25.579000Z
1.08984,1.0898700000000001,1200000.0477,1500000.0,2019-09-30T12:47:25.686000Z
1.08984,1.08986,1200000.0477,750000.0,2019-09-30T12:47:25.888000Z
1.08985,1.08986,639999.9857,1500000.0,2019-09-30T12:47:26.825000Z
1.08985,1.08988,1820000.0525,2059999.9428,2019-09-30T12:47:26.876000Z
1.08985,1.08988,2319999.9332,1500000.0,2019-09-30T12:47:27.307000Z
1.08985,1.0898700000000001,1200000.0477,1500000.0,2019-09-30T12:47:27.408000Z
1.08985,1.08988,1200000.0477,2440000.0572,2019-09-30T12:47:27.510000Z
1.08985,1.0898700000000001,1200000.0477,750000.0,2019-09-30T12:47:27.661000Z
1.08985,1.08988,1200000.0477,3190000.0572,2019-09-30T12:47:27.843000Z
1.08985,1.0898700000000001,1200000.0477,750000.0,2019-09-30T12:47:27.944000Z
1.08985,1.08988,600000.0238,4309999.9428,2019-09-30T12:47:28.221000Z
1.08984,1.08988,1200000.0477,5440000.0572,2019-09-30T12:47:28.528000Z
1.08985,1.08988,4570000.1717,2250000.0,2019-09-30T12:47:28.630000Z
1.08986,1.08988,750000.0,1500000.0,2019-09-30T12:47:28.732000Z
1.08986,1.0898700000000001,1200000.0477,750000.0,2019-09-30T12:47:28.985000Z
1.08986,1.08988,750000.0,1500000.0,2019-09-30T12:47:29.187000Z
1.0898700000000001,1.08989,600000.0238,1690000.0572,2019-09-30T12:47:29.614000Z
1.08988,1.0899100000000002,1500000.0,1750000.0,2019-09-30T12:47:30.629000Z
1.08989,1.0899100000000002,1500000.0,750000.0,2019-09-30T12:47:30.730000Z
1.0899,1.0899100000000002,1200000.0477,750000.0,2019-09-30T12:47:30.962000Z
1.08989,1.0899100000000002,1200000.0477,750000.0,2019-09-30T12:47:31.674000Z
1.0899,1.0899100000000002,600000.0238,750000.0,2019-09-30T12:47:32.295000Z
1.08989,1.0899100000000002,2319999.9332,750000.0,2019-09-30T12:47:34.125000Z
1.0899,1.0899200000000002,3619999.8856,1120000.0048,2019-09-30T12:47:35.125000Z
1.0899200000000002,1.08995,3450000.0477,3250000.0,2019-09-30T12:47:35.226000Z
1.0899200000000002,1.08996,3450000.0477,1750000.0,2019-09-30T12:47:35.327000Z
1.08993,1.08995,819999.9928,939999.9976,2019-09-30T12:47:35.429000Z
1.0899200000000002,1.08997,3819999.9332,4750000.0,2019-09-30T12:47:35.530000Z
1.0899200000000002,1.08997,3819999.9332,4750000.0,2019-09-30T12:47:35.683000Z
1.0899200000000002,1.08995,3819999.9332,1000000.0,2019-09-30T12:47:35.784000Z
1.08993,1.08995,750000.0,1000000.0,2019-09-30T12:47:35.971000Z
1.08993,1.08997,1200000.0477,4750000.0,2019-09-30T12:47:36.123000Z
1.08994,1.08996,600000.0238,1000000.0,2019-09-30T12:47:36.877000Z
1.08993,1.08997,1200000.0477,4000000.0,2019-09-30T12:47:36.979000Z
1.0899200000000002,1.08995,4570000.1717,939999.9976,2019-09-30T12:47:37.508000Z
1.0899200000000002,1.08993,2700000.0477,750000.0,2019-09-30T12:47:37.877000Z
1.0899,1.08993,1950000.0477,1750000.0,2019-09-30T12:47:37.978000Z
1.0899,1.0899200000000002,1200000.0477,1750000.0,2019-09-30T12:47:38.251000Z
1.0899,1.0899200000000002,750000.0,1690000.0572,2019-09-30T12:47:38.352000Z
1.0899100000000002,1.0899200000000002,750000.0,750000.0,2019-09-30T12:47:38.454000Z
1.0899100000000002,1.08995,1950000.0477,4000000.0,2019-09-30T12:47:38.555000Z
1.0899200000000002,1.08995,600000.0238,2500000.0,2019-09-30T12:47:38.657000Z
1.0899100000000002,1.08994,2700000.0477,1000000.0,2019-09-30T12:47:38.760000Z
1.0899200000000002,1.08995,600000.0238,1750000.0,2019-09-30T12:47:41.120000Z
1.0899200000000002,1.08994,1350000.0238,2059999.9428,2019-09-30T12:47:41.683000Z
1.0899,1.08994,3069999.9332,4369999.8856,2019-09-30T12:47:41.785000Z
1.0899100000000002,1.08994,639999.9857,2690000.0572,2019-09-30T12:47:41.886000Z
1.0899100000000002,1.08994,1950000.0477,939999.9976,2019-09-30T12:47:42.967000Z
1.0899100000000002,1.08994,1950000.0477,1000000.0,2019-09-30T12:47:43.220000Z
1.0899100000000002,1.08995,2700000.0477,2500000.0,2019-09-30T12:47:45.256000Z
1.08993,1.08996,1200000.0477,5119999.8856,2019-09-30T12:47:45.378000Z
1.08994,1.08995,600000.0238,939999.9976,2019-09-30T12:47:45.481000Z
1.08993,1.08995,1200000.0477,939999.9976,2019-09-30T12:47:45.834000Z
1.0899200000000002,1.08995,3819999.9332,3250000.0,2019-09-30T12:47:45.936000Z
1.08993,1.08995,600000.0238,1750000.0,2019-09-30T12:47:46.037000Z
1.0899200000000002,1.08995,3069999.9332,1000000.0,2019-09-30T12:47:46.138000Z
1.08993,1.08995,1200000.0477,1000000.0,2019-09-30T12:47:46.261000Z
1.08994,1.08996,1200000.0477,3250000.0,2019-09-30T12:47:49.490000Z
1.08993,1.08996,1200000.0477,4000000.0,2019-09-30T12:47:51.098000Z
1.08993,1.08996,2140000.1049,2500000.0,2019-09-30T12:47:51.428000Z
1.08993,1.08997,2160000.0858,3319999.9332,2019-09-30T12:48:00.529000Z
1.08993,1.08997,1690000.0572,4820000.1717,2019-09-30T12:48:00.630000Z
1.0899100000000002,1.08994,4949999.8093,1009999.9905,2019-09-30T12:48:01.189000Z
1.0899100000000002,1.08995,1120000.0048,5570000.1717,2019-09-30T12:48:01.397000Z
1.0899200000000002,1.08995,750000.0,2569999.9332,2019-09-30T12:48:01.801000Z
1.0899200000000002,1.08995,750000.0,1759999.9905,2019-09-30T12:48:01.852000Z
1.0899100000000002,1.08994,5349999.9046,1000000.0,2019-09-30T12:48:01.953000Z
1.0899100000000002,1.08994,2319999.9332,1000000.0,2019-09-30T12:48:02.060000Z
1.0899,1.08994,7949999.8093,2500000.0,2019-09-30T12:48:04.528000Z
1.0899200000000002,1.08994,1570000.0525,1000000.0,2019-09-30T12:48:04.730000Z
1.0899100000000002,1.08994,1500000.0,2500000.0,2019-09-30T12:48:04.831000Z
1.0899100000000002,1.08994,1690000.0572,1500000.0,2019-09-30T12:48:04.932000Z
1.0899200000000002,1.08994,750000.0,1500000.0,2019-09-30T12:48:05.183000Z
1.0899100000000002,1.08994,2440000.0572,1500000.0,2019-09-30T12:48:05.285000Z
1.0899200000000002,1.08994,750000.0,1500000.0,2019-09-30T12:48:05.386000Z
1.0899100000000002,1.08994,1690000.0572,750000.0,2019-09-30T12:48:05.487000Z
1.0899100000000002,1.08994,2319999.9332,1370000.0048,2019-09-30T12:48:06.497000Z
1.0899,1.08993,3819999.9332,939999.9976,2019-09-30T12:48:06.625000Z
1.0899200000000002,1.08994,750000.0,1370000.0048,2019-09-30T12:48:06.726000Z
1.0899200000000002,1.08994,2200000.0477,1120000.0048,2019-09-30T12:48:06.828000Z
1.0899200000000002,1.08994,2140000.1049,500000.0,2019-09-30T12:48:07.317000Z
1.0899200000000002,1.08994,2869999.8856,500000.0,2019-09-30T12:48:07.730000Z
1.0899200000000002,1.08994,2890000.1049,500000.0,2019-09-30T12:48:08.034000Z
1.08993,1.08994,819999.9928,500000.0,2019-09-30T12:48:08.238000Z
1.0899200000000002,1.08994,2700000.0477,500000.0,2019-09-30T12:48:08.389000Z
1.0899100000000002,1.08994,2250000.0,939999.9976,2019-09-30T12:48:08.667000Z
1.08993,1.08995,750000.0,1500000.0,2019-09-30T12:48:08.768000Z
1.08993,1.08994,750000.0,560000.0024,2019-09-30T12:48:08.870000Z
1.08993,1.08995,939999.9976,1690000.0572,2019-09-30T12:48:09.593000Z
1.08994,1.08996,750000.0,750000.0,2019-09-30T12:48:12.208000Z
1.08994,1.08997,750000.0,2119999.8856,2019-09-30T12:48:12.310000Z
1.08994,1.08997,939999.9976,2809999.9428,2019-09-30T12:48:13.014000Z
1.08994,1.08997,750000.0,3619999.8856,2019-09-30T12:48:13.525000Z
1.08994,1.08997,750000.0,1309999.9428,2019-09-30T12:48:15.730000Z
1.08993,1.08997,2700000.0477,2059999.9428,2019-09-30T12:48:25.497000Z
1.08993,1.08997,3099999.9046,2140000.1049,2019-09-30T12:48:25.598000Z
1.08993,1.08996,3099999.9046,750000.0,2019-09-30T12:48:26.859000Z
1.08993,1.08994,750000.0,939999.9976,2019-09-30T12:48:27.196000Z
1.0899200000000002,1.08994,750000.0,1000000.0,2019-09-30T12:48:27.351000Z
1.0899100000000002,1.08994,3819999.9332,1000000.0,2019-09-30T12:48:28.316000Z
1.0899200000000002,1.08994,750000.0,1000000.0,2019-09-30T12:48:28.519000Z
1.0899100000000002,1.08994,2250000.0,1000000.0,2019-09-30T12:48:28.893000Z
1.0899200000000002,1.08994,750000.0,2119999.8856,2019-09-30T12:48:29.659000Z
1.0899,1.08993,2250000.0,4000000.0,2019-09-30T12:48:30.424000Z
1.0899,1.08994,3000000.0,4820000.1717,2019-09-30T12:48:30.780000Z
1.0899,1.08993,2319999.9332,1070000.0525,2019-09-30T12:48:32.074000Z
1.0899100000000002,1.08994,819999.9928,1820000.0525,2019-09-30T12:48:32.495000Z
1.0899100000000002,1.0899200000000002,1500000.0,2250000.0,2019-09-30T12:48:33.228000Z
1.0899,1.08993,3470000.0286,1690000.0572,2019-09-30T12:48:33.329000Z
1.0899,1.08994,1500000.0,3700000.0477,2019-09-30T12:48:33.430000Z
1.0899100000000002,1.08994,750000.0,1370000.0048,2019-09-30T12:48:34.918000Z
1.0899100000000002,1.08993,1500000.0,1000000.0,2019-09-30T12:48:38.028000Z
1.0899100000000002,1.08993,1500000.0,939999.9976,2019-09-30T12:48:38.270000Z
1.0899100000000002,1.08994,1500000.0,1750000.0,2019-09-30T12:48:41.127000Z
1.0899100000000002,1.08993,750000.0,1690000.0572,2019-09-30T12:48:41.388000Z
1.0899,1.08993,1120000.0048,939999.9976,2019-09-30T12:48:41.836000Z
1.0899200000000002,1.08994,1500000.0,1000000.0,2019-09-30T12:48:42.665000Z
1.0899200000000002,1.08995,939999.9976,5699999.8093,2019-09-30T12:48:42.716000Z
1.0899200000000002,1.08994,1690000.0572,750000.0,2019-09-30T12:48:43.022000Z
1.0899200000000002,1.08995,939999.9976,5250000.0,2019-09-30T12:48:43.137000Z
1.0899200000000002,1.08994,1690000.0572,750000.0,2019-09-30T12:48:43.339000Z
1.0899200000000002,1.08995,939999.9976,5250000.0,2019-09-30T12:48:43.850000Z
1.0899200000000002,1.08994,1690000.0572,750000.0,2019-09-30T12:48:44.094000Z
1.0899200000000002,1.08995,939999.9976,5250000.0,2019-09-30T12:48:44.376000Z
1.0899100000000002,1.08995,1000000.0,2569999.9332,2019-09-30T12:48:45.999000Z
1.0899100000000002,1.08994,939999.9976,3369999.8856,2019-09-30T12:48:46.102000Z
1.0899,1.08993,2500000.0,500000.0,2019-09-30T12:48:46.204000Z
1.0899200000000002,1.08994,1500000.0,850000.0238,2019-09-30T12:48:46.356000Z
1.0899200000000002,1.08994,1690000.0572,939999.9976,2019-09-30T12:48:46.457000Z
1.0899200000000002,1.08995,2250000.0,3700000.0477,2019-09-30T12:48:47.177000Z
1.0899200000000002,1.08995,1500000.0,2809999.9428,2019-09-30T12:48:47.228000Z
1.0899100000000002,1.08994,1570000.0525,1070000.0525,2019-09-30T12:48:47.496000Z
1.0899,1.0899200000000002,1009999.9905,939999.9976,2019-09-30T12:48:47.597000Z
1.08989,1.0899100000000002,4599999.9046,750000.0,2019-09-30T12:48:48.082000Z
1.0899,1.08993,750000.0,2160000.0858,2019-09-30T12:48:48.185000Z
1.0899,1.08993,750000.0,1690000.0572,2019-09-30T12:48:48.286000Z
1.0899200000000002,1.08994,750000.0,1570000.0525,2019-09-30T12:48:48.388000Z
1.0899100000000002,1.08994,1120000.0048,1000000.0,2019-09-30T12:48:48.541000Z
1.0899100000000002,1.08994,3559999.9428,750000.0,2019-09-30T12:48:48.642000Z
1.0899200000000002,1.08994,1500000.0,819999.9928,2019-09-30T12:48:48.795000Z
1.0899200000000002,1.08993,1500000.0,750000.0,2019-09-30T12:48:49.725000Z
1.0899200000000002,1.08994,1500000.0,750000.0,2019-09-30T12:48:50.279000Z
1.0899200000000002,1.08993,1500000.0,750000.0,2019-09-30T12:48:51.377000Z
1.0899200000000002,1.08994,1500000.0,750000.0,2019-09-30T12:48:51.580000Z
1.0899200000000002,1.08993,750000.0,750000.0,2019-09-30T12:48:51.989000Z
1.0899200000000002,1.08994,750000.0,939999.9976,2019-09-30T12:48:52.091000Z
1.0899100000000002,1.0899200000000002,750000.0,750000.0,2019-09-30T12:48:52.802000Z
1.08989,1.0899200000000002,4969999.7902,939999.9976,2019-09-30T12:48:52.853000Z
1.0899100000000002,1.08993,750000.0,939999.9976,2019-09-30T12:48:53.158000Z
1.0899200000000002,1.08994,750000.0,1000000.0,2019-09-30T12:48:53.259000Z
1.0899200000000002,1.08994,750000.0,1500000.0,2019-09-30T12:48:54.947000Z
1.0899200000000002,1.08994,1000000.0,750000.0,2019-09-30T12:48:55.278000Z
1.0899200000000002,1.08993,750000.0,1120000.0048,2019-09-30T12:48:56.131000Z
1.08989,1.0899200000000002,1409999.9666,750000.0,2019-09-30T12:48:56.182000Z
1.08989,1.0899200000000002,1690000.0572,939999.9976,2019-09-30T12:48:56.284000Z
1.08989,1.0899200000000002,939999.9976,1000000.0,2019-09-30T12:48:56.385000Z
1.08988,1.08989,1120000.0048,939999.9976,2019-09-30T12:49:01.404000Z
1.0898700000000001,1.08989,939999.9976,939999.9976,2019-09-30T12:49:02.310000Z
1.0898700000000001,1.0899100000000002,1009999.9905,939999.9976,2019-09-30T12:49:02.792000Z
1.08988,1.0899100000000002,750000.0,1009999.9905,2019-09-30T12:49:02.893000Z
1.08988,1.0899,750000.0,750000.0,2019-09-30T12:49:03.045000Z
1.0898700000000001,1.0899,4389999.8665,750000.0,2019-09-30T12:49:05.212000Z
1.08988,1.0899,750000.0,750000.0,2019-09-30T12:49:06.272000Z
1.0898700000000001,1.0899,5139999.8665,750000.0,2019-09-30T12:49:06.374000Z
1.08988,1.0899,750000.0,750000.0,2019-09-30T12:49:07.098000Z
1.08988,1.0899100000000002,1750000.0,750000.0,2019-09-30T12:49:07.401000Z
1.08989,1.0899200000000002,1750000.0,3000000.0,2019-09-30T12:49:07.504000Z
1.08988,1.0899100000000002,500000.0,1309999.9428,2019-09-30T12:49:07.555000Z
1.08986,1.0899100000000002,5139999.8665,5199999.8093,2019-09-30T12:49:07.656000Z
1.0898700000000001,1.0899100000000002,1500000.0,4820000.1717,2019-09-30T12:49:07.808000Z
1.0898700000000001,1.08988,1500000.0,750000.0,2019-09-30T12:49:08.132000Z
1.08984,1.0898700000000001,2809999.9428,1500000.0,2019-09-30T12:49:08.234000Z
1.0898200000000002,1.0898700000000001,3349999.9046,3190000.0572,2019-09-30T12:49:08.400000Z
1.0898200000000002,1.0898700000000001,3349999.9046,3660000.0858,2019-09-30T12:49:08.501000Z
1.0898200000000002,1.0898700000000001,2200000.0477,3259999.9905,2019-09-30T12:49:08.603000Z
1.0898200000000002,1.08985,3289999.9619,750000.0,2019-09-30T12:49:08.653000Z
1.0898200000000002,1.08986,2200000.0477,1500000.0,2019-09-30T12:49:08.755000Z
1.0898200000000002,1.08985,1820000.0525,750000.0,2019-09-30T12:49:09.288000Z
1.0898200000000002,1.08986,1820000.0525,2250000.0,2019-09-30T12:49:09.440000Z
1.0898200000000002,1.08985,2500000.0,1500000.0,2019-09-30T12:49:10.258000Z
1.0898200000000002,1.08986,2500000.0,3819999.9332,2019-09-30T12:49:10.519000Z
1.0898200000000002,1.08986,2809999.9428,1759999.9905,2019-09-30T12:49:15.163000Z
1.0898200000000002,1.08985,1009999.9905,750000.0,2019-09-30T12:49:15.896000Z
1.0898100000000002,1.0898200000000002,1500000.0,750000.0,2019-09-30T12:49:15.998000Z
1.08978,1.0898200000000002,5949999.8093,750000.0,2019-09-30T12:49:16.108000Z
1.08978,1.0898100000000002,1750000.0,2250000.0,2019-09-30T12:49:17.559000Z
1.08978,1.0898200000000002,1000000.0,4949999.8093,2019-09-30T12:49:17.711000Z
1.0897700000000001,1.0898200000000002,4070000.1717,4820000.1717,2019-09-30T12:49:18.059000Z
1.0897700000000001,1.0898200000000002,2509999.9905,4820000.1717,2019-09-30T12:49:19.230000Z
1.0897700000000001,1.0898200000000002,4409999.8474,9350000.3815,2019-09-30T12:49:19.610000Z
1.0897700000000001,1.0898100000000002,4010000.2289,939999.9976,2019-09-30T12:49:19.832000Z
1.0897700000000001,1.0898100000000002,2910000.0858,1009999.9905,2019-09-30T12:49:19.933000Z
1.08978,1.0898100000000002,819999.9928,3319999.9332,2019-09-30T12:49:20.578000Z
1.0897700000000001,1.0898100000000002,2250000.0,1820000.0525,2019-09-30T12:49:20.986000Z
1.08976,1.08979,2809999.9428,1500000.0,2019-09-30T12:49:21.087000Z
1.0897700000000001,1.0898,1000000.0,1690000.0572,2019-09-30T12:49:21.237000Z
1.0897700000000001,1.0898,1500000.0,939999.9976,2019-09-30T12:49:21.341000Z
1.08976,1.08979,750000.0,2809999.9428,2019-09-30T12:49:22.689000Z
1.08975,1.08978,8060000.4196,1500000.0,2019-09-30T12:49:22.790000Z
1.08974,1.08978,939999.9976,1009999.9905,2019-09-30T12:49:22.993000Z
1.08973,1.0897700000000001,2160000.0858,1759999.9905,2019-09-30T12:49:23.095000Z
1.08973,1.08976,1009999.9905,819999.9928,2019-09-30T12:49:23.247000Z
1.08973,1.0897700000000001,1820000.0525,1970000.0286,2019-09-30T12:49:26.168000Z
1.08974,1.0897700000000001,3380000.1144,1500000.0,2019-09-30T12:49:26.270000Z
1.08975,1.0897700000000001,750000.0,2250000.0,2019-09-30T12:49:26.866000Z
1.08975,1.0897700000000001,3319999.9332,750000.0,2019-09-30T12:49:26.968000Z
1.08976,1.08979,939999.9976,1070000.0525,2019-09-30T12:49:27.069000Z
1.08976,1.0897700000000001,939999.9976,750000.0,2019-09-30T12:49:27.675000Z
1.08975,1.0897700000000001,819999.9928,750000.0,2019-09-30T12:49:28.099000Z
1.08974,1.0897700000000001,939999.9976,2619999.8856,2019-09-30T12:49:28.201000Z
1.08973,1.0897700000000001,3640000.1049,1789999.9619,2019-09-30T12:49:28.303000Z
1.08974,1.0897700000000001,750000.0,3289999.9619,2019-09-30T12:49:28.853000Z
1.08973,1.0897700000000001,1500000.0,3700000.0477,2019-09-30T12:49:29.290000Z
1.08974,1.08976,750000.0,1820000.0525,2019-09-30T12:49:29.391000Z
1.08973,1.08975,750000.0,1789999.9619,2019-09-30T12:49:29.492000Z
1.08969,1.08973,5440000.0572,1389999.9857,2019-09-30T12:49:29.640000Z
1.0897000000000001,1.08972,750000.0,1870000.0048,2019-09-30T12:49:29.741000Z
1.08969,1.08972,1500000.0,1009999.9905,2019-09-30T12:49:30.510000Z
1.08968,1.08972,2440000.0572,1009999.9905,2019-09-30T12:49:30.822000Z
1.08969,1.08972,1500000.0,939999.9976,2019-09-30T12:49:32.559000Z
1.08969,1.08973,1570000.0525,6719999.7902,2019-09-30T12:49:34.428000Z
1.08968,1.0897100000000002,1500000.0,1750000.0,2019-09-30T12:49:34.757000Z
1.08968,1.08972,1500000.0,3700000.0477,2019-09-30T12:49:35.011000Z
1.08969,1.08972,750000.0,2950000.0477,2019-09-30T12:49:35.272000Z
1.08969,1.08972,750000.0,1389999.9857,2019-09-30T12:49:35.942000Z
1.08969,1.08972,750000.0,1070000.0525,2019-09-30T12:49:36.044000Z
1.0897000000000001,1.08972,750000.0,1000000.0,2019-09-30T12:49:38.984000Z
1.08969,1.08973,2250000.0,5949999.8093,2019-09-30T12:49:39.290000Z
1.0897000000000001,1.08973,750000.0,4449999.8093,2019-09-30T12:49:39.554000Z
1.08972,1.08973,1500000.0,1759999.9905,2019-09-30T12:49:39.605000Z
1.08972,1.08975,750000.0,1759999.9905,2019-09-30T12:49:39.707000Z
1.08973,1.08976,750000.0,3319999.9332,2019-09-30T12:49:39.809000Z
1.08972,1.08976,1500000.0,2200000.0477,2019-09-30T12:49:40.266000Z
1.08972,1.08976,2910000.0858,1389999.9857,2019-09-30T12:49:40.520000Z
1.08972,1.08976,1759999.9905,2059999.9428,2019-09-30T12:49:40.622000Z
1.08973,1.08976,750000.0,2140000.1049,2019-09-30T12:49:42.454000Z
1.08973,1.08976,750000.0,2200000.0477,2019-09-30T12:49:42.556000Z
1.08973,1.08975,750000.0,1000000.0,2019-09-30T12:49:43.553000Z
1.08972,1.08976,1690000.0572,3700000.0477,2019-09-30T12:49:43.809000Z
1.08972,1.08975,1500000.0,1750000.0,2019-09-30T12:49:44.214000Z
1.08972,1.08975,1690000.0572,2950000.0477,2019-09-30T12:49:44.701000Z
1.08972,1.08975,2509999.9905,750000.0,2019-09-30T12:49:45.098000Z
1.08972,1.08976,2509999.9905,3940000.0572,2019-09-30T12:49:45.933000Z
1.08972,1.08975,1690000.0572,500000.0,2019-09-30T12:49:46.034000Z
1.08973,1.08976,750000.0,4070000.1717,2019-09-30T12:49:51.177000Z
1.08973,1.08974,939999.9976,500000.0,2019-09-30T12:49:51.594000Z
1.08973,1.08975,750000.0,639999.9857,2019-09-30T12:49:52.233000Z
1.0897100000000002,1.08975,1759999.9905,2809999.9428,2019-09-30T12:49:52.335000Z
1.0897100000000002,1.08973,750000.0,639999.9857,2019-09-30T12:49:52.436000Z
1.0897100000000002,1.08974,750000.0,1370000.0048,2019-09-30T12:49:52.537000Z
1.0897100000000002,1.08974,939999.9976,3619999.8856,2019-09-30T12:49:52.689000Z
1.0897100000000002,1.08974,1500000.0,500000.0,2019-09-30T12:49:52.891000Z
1.0897100000000002,1.08975,1690000.0572,5510000.2289,2019-09-30T12:49:54.279000Z
1.0897100000000002,1.08974,1759999.9905,600000.0238,2019-09-30T12:49:54.381000Z
1.08972,1.08974,819999.9928,1500000.0,2019-09-30T12:49:54.569000Z
1.08972,1.08975,819999.9928,3259999.9905,2019-09-30T12:49:54.670000Z
1.0897000000000001,1.08972,2509999.9905,560000.0024,2019-09-30T12:49:57.208000Z
1.0897000000000001,1.08973,1570000.0525,1120000.0048,2019-09-30T12:49:57.310000Z
1.0897100000000002,1.08974,750000.0,1389999.9857,2019-09-30T12:49:58.250000Z
1.0897000000000001,1.08973,1500000.0,1120000.0048,2019-09-30T12:49:58.351000Z
1.08969,1.08973,4000000.0,819999.9928,2019-09-30T12:49:58.452000Z
1.08969,1.08973,3940000.0572,819999.9928,2019-09-30T12:49:59.001000Z
1.08969,1.08972,5440000.0572,500000.0,2019-09-30T12:49:59.886000Z
1.08969,1.08972,3250000.0,600000.0238,2019-09-30T12:50:00.279000Z
1.08968,1.0897100000000002,1009999.9905,1120000.0048,2019-09-30T12:50:00.385000Z
1.0896700000000001,1.0897000000000001,2059999.9428,750000.0,2019-09-30T12:50:00.537000Z
1.0896700000000001,1.08969,750000.0,560000.0024,2019-09-30T12:50:01.288000Z
1.08966,1.0897000000000001,1750000.0,1389999.9857,2019-09-30T12:50:01.390000Z
1.0896700000000001,1.08969,2440000.0572,750000.0,2019-09-30T12:50:01.542000Z
1.0896700000000001,1.0897000000000001,2440000.0572,1200000.0477,2019-09-30T12:50:01.644000Z
1.0896700000000001,1.08969,3190000.0572,939999.9976,2019-09-30T12:50:02.363000Z
1.08966,1.08969,750000.0,2059999.9428,2019-09-30T12:50:02.464000Z
1.08965,1.08968,2809999.9428,600000.0238,2019-09-30T12:50:02.594000Z
1.08966,1.08968,750000.0,1200000.0477,2019-09-30T12:50:02.927000Z
1.08966,1.08969,750000.0,1389999.9857,2019-09-30T12:50:04.926000Z
1.0896700000000001,1.08969,750000.0,600000.0238,2019-09-30T12:50:05.030000Z
1.08966,1.08969,1690000.0572,500000.0,2019-09-30T12:50:05.157000Z
1.08966,1.08969,1000000.0,600000.0238,2019-09-30T12:50:05.499000Z
1.08966,1.0897000000000001,939999.9976,3259999.9905,2019-09-30T12:50:05.549000Z
1.08965,1.08969,6619999.8856,600000.0238,2019-09-30T12:50:05.651000Z
1.0896700000000001,1.08969,750000.0,600000.0238,2019-09-30T12:50:05.752000Z
1.08965,1.08969,4369999.8856,600000.0238,2019-09-30T12:50:05.853000Z
1.08965,1.08968,3250000.0,500000.0,2019-09-30T12:50:06.130000Z
1.08965,1.08969,4750000.0,600000.0238,2019-09-30T12:50:07.030000Z
1.0896700000000001,1.08969,750000.0,600000.0238,2019-09-30T12:50:07.469000Z
1.08968,1.0897000000000001,750000.0,600000.0238,2019-09-30T12:50:07.671000Z
1.08966,1.0897000000000001,1750000.0,600000.0238,2019-09-30T12:50:07.772000Z
1.08969,1.0897000000000001,1500000.0,600000.0238,2019-09-30T12:50:08.980000Z
1.0897100000000002,1.08973,750000.0,3289999.9619,2019-09-30T12:50:09.081000Z
1.0897000000000001,1.08973,2250000.0,1389999.9857,2019-09-30T12:50:09.132000Z
1.0897000000000001,1.08974,3190000.0572,3259999.9905,2019-09-30T12:50:09.233000Z
1.0897100000000002,1.08973,1009999.9905,939999.9976,2019-09-30T12:50:09.335000Z
1.08969,1.08972,5889999.8665,500000.0,2019-09-30T12:50:12.582000Z
1.0896700000000001,1.0897000000000001,5869999.8856,600000.0238,2019-09-30T12:50:12.846000Z
1.0896700000000001,1.0897100000000002,4369999.8856,560000.0024,2019-09-30T12:50:13.143000Z
1.0896700000000001,1.0897000000000001,5119999.8856,600000.0238,2019-09-30T12:50:14.549000Z
1.08968,1.0897100000000002,1000000.0,1389999.9857,2019-09-30T12:50:14.650000Z
1.0896700000000001,1.0897000000000001,5119999.8856,600000.0238,2019-09-30T12:50:14.752000Z
1.0896700000000001,1.0897000000000001,3000000.0,639999.9857,2019-09-30T12:50:16.196000Z
1.08966,1.08969,1309999.9428,500000.0,2019-09-30T12:50:16.348000Z
1.0896700000000001,1.08969,750000.0,939999.9976,2019-09-30T12:50:16.499000Z
1.08966,1.0897000000000001,3210000.0381,4389999.8665,2019-09-30T12:50:16.631000Z
1.08966,1.08969,2809999.9428,850000.0238,2019-09-30T12:50:16.682000Z
1.08966,1.0897000000000001,2059999.9428,2509999.9905,2019-09-30T12:50:16.783000Z
1.08966,1.08969,4760000.2289,750000.0,2019-09-30T12:50:17.847000Z
1.08966,1.0897000000000001,2509999.9905,1690000.0572,2019-09-30T12:50:19.070000Z
1.08966,1.0897000000000001,1500000.0,3319999.9332,2019-09-30T12:50:19.502000Z
1.08966,1.0897000000000001,1970000.0286,3319999.9332,2019-09-30T12:50:20.018000Z
1.0896700000000001,1.0897000000000001,750000.0,2509999.9905,2019-09-30T12:50:20.119000Z
1.0896700000000001,1.08969,819999.9928,750000.0,2019-09-30T12:50:22.567000Z
1.0896700000000001,1.0897000000000001,1759999.9905,2319999.9332,2019-09-30T12:50:23.293000Z
1.0896700000000001,1.08969,750000.0,500000.0,2019-09-30T12:50:25.589000Z
1.0896700000000001,1.0897000000000001,750000.0,2890000.1049,2019-09-30T12:50:25.690000Z
1.08966,1.08969,750000.0,3940000.0572,2019-09-30T12:50:25.791000Z
1.08965,1.0896700000000001,750000.0,639999.9857,2019-09-30T12:50:25.893000Z
1.08964,1.0896700000000001,2250000.0,1759999.9905,2019-09-30T12:50:25.994000Z
1.08964,1.08966,2250000.0,939999.9976,2019-09-30T12:50:26.188000Z
1.08965,1.08966,750000.0,939999.9976,2019-09-30T12:50:26.441000Z
1.08964,1.08966,750000.0,1389999.9857,2019-09-30T12:50:26.971000Z
1.08964,1.08966,750000.0,2200000.0477,2019-09-30T12:50:27.386000Z
1.0896299999999999,1.08966,750000.0,4389999.8665,2019-09-30T12:50:27.488000Z
1.08962,1.08966,3190000.0572,2140000.1049,2019-09-30T12:50:27.589000Z
1.08962,1.08965,3190000.0572,750000.0,2019-09-30T12:50:27.892000Z
1.08962,1.08966,3190000.0572,2140000.1049,2019-09-30T12:50:27.993000Z
1.08962,1.08965,3940000.0572,750000.0,2019-09-30T12:50:28.198000Z
1.08962,1.08965,4000000.0,750000.0,2019-09-30T12:50:30.695000Z
1.08962,1.08966,4000000.0,1950000.0477,2019-09-30T12:50:30.797000Z
1.0896299999999999,1.08965,750000.0,850000.0238,2019-09-30T12:50:31.545000Z
1.08962,1.08964,939999.9976,750000.0,2019-09-30T12:50:31.697000Z
1.08964,1.08965,1389999.9857,1500000.0,2019-09-30T12:50:31.900000Z
1.08964,1.08965,750000.0,750000.0,2019-09-30T12:50:32.003000Z
1.0896299999999999,1.08965,939999.9976,750000.0,2019-09-30T12:50:32.376000Z
1.08962,1.08965,1220000.0286,1750000.0,2019-09-30T12:50:32.810000Z
1.0896000000000001,1.0896299999999999,1100000.0238,1500000.0,2019-09-30T12:50:32.912000Z
1.08958,1.0896100000000002,639999.9857,750000.0,2019-09-30T12:50:33.014000Z
1.08958,1.08962,560000.0024,2509999.9905,2019-09-30T12:50:33.245000Z
1.08959,1.08962,1000000.0,1950000.0477,2019-09-30T12:50:33.456000Z
1.08959,1.08962,750000.0,1870000.0048,2019-09-30T12:50:33.558000Z
1.08958,1.08962,1309999.9428,1759999.9905,2019-09-30T12:50:33.659000Z
1.08959,1.08962,750000.0,1870000.0048,2019-09-30T12:50:34.148000Z
1.0896000000000001,1.08962,750000.0,2509999.9905,2019-09-30T12:50:34.250000Z
1.08958,1.08962,1450000.0477,3750000.0,2019-09-30T12:50:34.351000Z
1.08958,1.08962,1309999.9428,1759999.9905,2019-09-30T12:50:34.503000Z
1.08962,1.0896299999999999,2319999.9332,500000.0,2019-09-30T12:50:34.604000Z
1.08962,1.08965,3259999.9905,600000.0238,2019-09-30T12:50:34.655000Z
1.08962,1.08965,2569999.9332,939999.9976,2019-09-30T12:50:34.756000Z
1.0896299999999999,1.08966,1690000.0572,750000.0,2019-09-30T12:50:35.581000Z
1.0896299999999999,1.0896700000000001,939999.9976,1759999.9905,2019-09-30T12:50:35.683000Z
1.0896299999999999,1.08966,939999.9976,750000.0,2019-09-30T12:50:36.411000Z
1.0896299999999999,1.0896700000000001,939999.9976,2509999.9905,2019-09-30T12:50:36.614000Z
1.08962,1.08966,3319999.9332,3000000.0,2019-09-30T12:50:36.716000Z
1.08962,1.08965,819999.9928,939999.9976,2019-09-30T12:50:37.401000Z
1.0896100000000002,1.0896299999999999,4969999.7902,750000.0,2019-09-30T12:50:37.452000Z
1.08959,1.08962,2890000.1049,3250000.0,2019-09-30T12:50:37.503000Z
1.0896000000000001,1.08962,939999.9976,1200000.0477,2019-09-30T12:50:39.054000Z
1.0896100000000002,1.0896299999999999,939999.9976,1690000.0572,2019-09-30T12:50:39.156000Z
1.0896100000000002,1.08964,1690000.0572,750000.0,2019-09-30T12:50:39.257000Z
1.0896100000000002,1.08965,2509999.9905,1009999.9905,2019-09-30T12:50:39.870000Z
1.0896299999999999,1.08966,750000.0,2700000.0477,2019-09-30T12:50:40.281000Z
1.08962,1.08966,3339999.9142,750000.0,2019-09-30T12:50:42.052000Z
1.0896299999999999,1.08966,750000.0,1500000.0,2019-09-30T12:50:42.421000Z
1.08962,1.08966,3339999.9142,750000.0,2019-09-30T12:50:42.801000Z
1.08962,1.08966,2539999.9619,3819999.9332,2019-09-30T12:50:44.071000Z
1.08962,1.08966,3259999.9905,2319999.9332,2019-09-30T12:50:44.453000Z
1.0896299999999999,1.08966,750000.0,2319999.9332,2019-09-30T12:50:44.835000Z
1.0896299999999999,1.08966,750000.0,2720000.0286,2019-09-30T12:50:46Z
1.0896299999999999,1.08966,750000.0,2250000.0,2019-09-30T12:50:46.102000Z
1.08962,1.08966,1759999.9905,3069999.9332,2019-09-30T12:50:46.204000Z
1.08962,1.08966,1789999.9619,4570000.1717,2019-09-30T12:50:46.305000Z
1.08962,1.08966,1759999.9905,3069999.9332,2019-09-30T12:50:46.466000Z
1.08962,1.08966,2990000.0095,3069999.9332,2019-09-30T12:50:47.109000Z
1.08962,1.08966,2589999.9142,2250000.0,2019-09-30T12:50:47.805000Z
1.08962,1.08966,1860000.0143,2250000.0,2019-09-30T12:50:50.550000Z
1.08962,1.08966,1090000.0334,750000.0,2019-09-30T12:50:51.588000Z
1.08962,1.08966,1490000.0095,819999.9928,2019-09-30T12:50:52.420000Z
1.08962,1.08966,1840000.0334,1120000.0048,2019-09-30T12:50:55.186000Z
1.08964,1.08966,750000.0,750000.0,2019-09-30T12:51:01.703000Z
1.08965,1.08968,2250000.0,2809999.9428,2019-09-30T12:51:01.805000Z
1.08966,1.0897000000000001,4010000.2289,1309999.9428,2019-09-30T12:51:01.907000Z
1.08966,1.0897000000000001,3359999.8951,939999.9976,2019-09-30T12:51:02.008000Z
1.0896700000000001,1.0897000000000001,819999.9928,5909999.8474,2019-09-30T12:51:02.115000Z
1.08966,1.08969,2710000.0381,3190000.0572,2019-09-30T12:51:02.217000Z
1.08966,1.08969,2589999.9142,1820000.0525,2019-09-30T12:51:02.268000Z
1.08966,1.0897000000000001,2509999.9905,1389999.9857,2019-09-30T12:51:03.623000Z
1.08966,1.0897000000000001,1860000.0143,1309999.9428,2019-09-30T12:51:03.774000Z
1.08966,1.08968,1860000.0143,939999.9976,2019-09-30T12:51:03.910000Z
1.08966,1.08969,2369999.8856,1009999.9905,2019-09-30T12:51:04.062000Z
1.08966,1.08968,1570000.0525,500000.0,2019-09-30T12:51:04.164000Z
1.08966,1.08968,750000.0,750000.0,2019-09-30T12:51:04.653000Z
1.08965,1.08968,750000.0,750000.0,2019-09-30T12:51:07.608000Z
1.08965,1.08969,2349999.9046,2950000.0477,2019-09-30T12:51:07.962000Z
1.08966,1.08969,819999.9928,2509999.9905,2019-09-30T12:51:08.064000Z
1.08966,1.08968,1570000.0525,939999.9976,2019-09-30T12:51:08.198000Z
1.08966,1.08969,1570000.0525,1009999.9905,2019-09-30T12:51:08.300000Z
1.08966,1.08968,1570000.0525,1000000.0,2019-09-30T12:51:08.402000Z
1.08966,1.08969,750000.0,4389999.8665,2019-09-30T12:51:10.732000Z
1.08966,1.08968,750000.0,500000.0,2019-09-30T12:51:12.686000Z
1.08965,1.08968,2509999.9905,500000.0,2019-09-30T12:51:15.127000Z
1.0896700000000001,1.08968,750000.0,750000.0,2019-09-30T12:51:16.217000Z
1.0896700000000001,1.0897000000000001,2509999.9905,750000.0,2019-09-30T12:51:16.792000Z
1.0896700000000001,1.0897000000000001,2049999.9523,500000.0,2019-09-30T12:51:16.945000Z
1.08968,1.08972,819999.9928,2950000.0477,2019-09-30T12:51:17.046000Z
1.08968,1.08972,850000.0238,7389999.8665,2019-09-30T12:51:17.148000Z
1.0896700000000001,1.0897100000000002,3359999.8951,750000.0,2019-09-30T12:51:17.299000Z
1.08968,1.08972,850000.0238,8890000.3433,2019-09-30T12:51:17.586000Z
1.0896700000000001,1.08972,5610000.1335,2140000.1049,2019-09-30T12:51:17.688000Z
1.08969,1.0897100000000002,500000.0,750000.0,2019-09-30T12:51:17.905000Z
1.08972,1.08973,1690000.0572,4119999.8856,2019-09-30T12:51:18.007000Z
1.08972,1.08976,2250000.0,1820000.0525,2019-09-30T12:51:18.108000Z
1.08972,1.08976,1600000.0238,2569999.9332,2019-09-30T12:51:18.215000Z
1.08972,1.0897700000000001,3950000.0477,6349999.9046,2019-09-30T12:51:20.369000Z
1.08972,1.08976,2799999.9523,750000.0,2019-09-30T12:51:20.485000Z
1.08972,1.0897700000000001,2990000.0095,5949999.8093,2019-09-30T12:51:21.731000Z
1.08975,1.0897700000000001,1200000.0477,1370000.0048,2019-09-30T12:51:23.830000Z
1.08974,1.0897700000000001,1950000.0477,4369999.8856,2019-09-30T12:51:23.931000Z
1.08974,1.0897700000000001,1950000.0477,1309999.9428,2019-09-30T12:51:24.387000Z
1.08974,1.0897700000000001,2049999.9523,1309999.9428,2019-09-30T12:51:25.128000Z
1.0897700000000001,1.08978,500000.0,3940000.0572,2019-09-30T12:51:27.369000Z
1.0897700000000001,1.08979,2700000.0477,1690000.0572,2019-09-30T12:51:27.471000Z
1.0897700000000001,1.0898100000000002,2799999.9523,4000000.0,2019-09-30T12:51:27.673000Z
1.0897700000000001,1.08979,1649999.9762,939999.9976,2019-09-30T12:51:27.977000Z
1.0897700000000001,1.08979,1200000.0477,750000.0,2019-09-30T12:51:28.129000Z
1.08976,1.0898,3069999.9332,5869999.8856,2019-09-30T12:51:28.230000Z
1.0897700000000001,1.08979,1269999.9809,750000.0,2019-09-30T12:51:28.331000Z
1.08976,1.08979,3519999.9809,750000.0,2019-09-30T12:51:28.382000Z
1.08976,1.08979,3549999.9523,1690000.0572,2019-09-30T12:51:28.483000Z
1.08976,1.08979,4650000.0954,1309999.9428,2019-09-30T12:51:28.584000Z
1.0897700000000001,1.08979,500000.0,560000.0024,2019-09-30T12:51:28.689000Z
1.0897700000000001,1.0898,2049999.9523,5500000.0,2019-09-30T12:51:31.726000Z
1.08978,1.0898,1950000.0477,939999.9976,2019-09-30T12:51:32.253000Z
1.08979,1.0898,500000.0,750000.0,2019-09-30T12:51:32.354000Z
1.0898,1.0898200000000002,3750000.0,1870000.0048,2019-09-30T12:51:35.868000Z
1.0898100000000002,1.08983,3000000.0,500000.0,2019-09-30T12:51:35.919000Z
1.0898200000000002,1.08984,2700000.0477,500000.0,2019-09-30T12:51:35.970000Z
1.08983,1.08985,500000.0,500000.0,2019-09-30T12:51:36.072000Z
1.0898200000000002,1.08985,3640000.1049,500000.0,2019-09-30T12:51:36.221000Z
1.0898200000000002,1.08986,4199999.8093,3940000.0572,2019-09-30T12:51:37.034000Z
1.0898200000000002,1.08985,4199999.8093,750000.0,2019-09-30T12:51:37.135000Z
1.0898200000000002,1.08984,1870000.0048,750000.0,2019-09-30T12:51:37.688000Z
1.0898100000000002,1.08984,3450000.0477,750000.0,2019-09-30T12:51:37.890000Z
1.0898200000000002,1.08984,1200000.0477,750000.0,2019-09-30T12:51:37.991000Z
1.0898200000000002,1.08985,1120000.0048,750000.0,2019-09-30T12:51:38.981000Z
1.0898200000000002,1.08985,1500000.0,3250000.0,2019-09-30T12:51:39.322000Z
1.0898200000000002,1.08983,1120000.0048,1120000.0048,2019-09-30T12:51:39.474000Z
1.08979,1.0898200000000002,4010000.2289,1500000.0,2019-09-30T12:51:39.575000Z
1.0898,1.0898200000000002,1120000.0048,750000.0,2019-09-30T12:51:39.696000Z
1.08979,1.0898100000000002,3450000.0477,750000.0,2019-09-30T12:51:40.309000Z
1.0898,1.0898100000000002,750000.0,750000.0,2019-09-30T12:51:40.410000Z
1.08979,1.0898100000000002,3450000.0477,750000.0,2019-09-30T12:51:40.511000Z
1.0898,1.0898100000000002,500000.0,750000.0,2019-09-30T12:51:42.503000Z
1.08979,1.0898100000000002,1950000.0477,750000.0,2019-09-30T12:51:43.004000Z
1.08978,1.0898100000000002,1950000.0477,939999.9976,2019-09-30T12:51:45.267000Z
1.08979,1.0898,500000.0,750000.0,2019-09-30T12:51:45.368000Z
1.08978,1.0898,1200000.0477,1309999.9428,2019-09-30T12:51:45.470000Z
1.0897700000000001,1.0898,750000.0,2440000.0572,2019-09-30T12:51:50.063000Z
1.0897700000000001,1.0898200000000002,2440000.0572,8500000.0,2019-09-30T12:51:55.554000Z
1.08978,1.0898100000000002,750000.0,2809999.9428,2019-09-30T12:51:59.519000Z
1.0897700000000001,1.0898100000000002,3940000.0572,560000.0024,2019-09-30T12:51:59.620000Z
1.0897700000000001,1.0898,1309999.9428,750000.0,2019-09-30T12:52:00.039000Z
1.08976,1.08979,939999.9976,2250000.0,2019-09-30T12:52:00.166000Z
1.08976,1.0898,1690000.0572,1690000.0572,2019-09-30T12:52:00.268000Z
1.08976,1.0898,4449999.8093,2250000.0,2019-09-30T12:52:00.370000Z
1.0897700000000001,1.08979,939999.9976,750000.0,2019-09-30T12:52:03.301000Z
1.0897700000000001,1.0898,939999.9976,1500000.0,2019-09-30T12:52:03.404000Z
1.08976,1.0898,3619999.8856,2500000.0,2019-09-30T12:52:05.174000Z
1.0897700000000001,1.0898,1750000.0,750000.0,2019-09-30T12:52:15.199000Z
1.0897700000000001,1.0898,1690000.0572,750000.0,2019-09-30T12:52:15.401000Z
1.0897700000000001,1.0898,1750000.0,750000.0,2019-09-30T12:52:15.593000Z
1.0897700000000001,1.0898100000000002,1750000.0,1500000.0,2019-09-30T12:52:15.977000Z
1.08979,1.0898100000000002,750000.0,2250000.0,2019-09-30T12:52:16.079000Z
1.0898100000000002,1.08984,4500000.0,2500000.0,2019-09-30T12:52:16.180000Z
1.08983,1.08986,750000.0,2500000.0,2019-09-30T12:52:16.281000Z
1.0898200000000002,1.08986,3000000.0,1750000.0,2019-09-30T12:52:16.382000Z
1.0898200000000002,1.08986,5500000.0,1500000.0,2019-09-30T12:52:16.509000Z
1.0898200000000002,1.0898700000000001,3250000.0,8439999.5804,2019-09-30T12:52:16.867000Z
1.0898200000000002,1.08986,3250000.0,750000.0,2019-09-30T12:52:19.821000Z
1.0898200000000002,1.0898700000000001,1750000.0,4309999.9428,2019-09-30T12:52:19.922000Z
1.0898200000000002,1.08985,939999.9976,4000000.0,2019-09-30T12:52:20.024000Z
1.0898100000000002,1.08985,2250000.0,1000000.0,2019-09-30T12:52:22.563000Z
1.0898100000000002,1.08986,4760000.2289,1690000.0572,2019-09-30T12:52:23.260000Z
1.0898100000000002,1.08986,3190000.0572,4000000.0,2019-09-30T12:52:23.417000Z
1.0898200000000002,1.08984,750000.0,750000.0,2019-09-30T12:52:23.520000Z
1.0898100000000002,1.08983,1500000.0,1120000.0048,2019-09-30T12:52:23.621000Z
1.08979,1.0898200000000002,2619999.8856,750000.0,2019-09-30T12:52:23.672000Z
1.0898,1.08983,2440000.0572,1120000.0048,2019-09-30T12:52:23.773000Z
1.0898,1.08984,2119999.8856,1500000.0,2019-09-30T12:52:24.026000Z
1.0898,1.08984,5349999.9046,1820000.0525,2019-09-30T12:52:25.672000Z
1.0898,1.08983,2250000.0,939999.9976,2019-09-30T12:52:25.824000Z
1.0898100000000002,1.08983,750000.0,939999.9976,2019-09-30T12:52:26.607000Z
1.0898100000000002,1.08984,1200000.0477,1570000.0525,2019-09-30T12:52:26.760000Z
1.08983,1.08985,1500000.0,750000.0,2019-09-30T12:52:26.811000Z
1.08983,1.08986,750000.0,1009999.9905,2019-09-30T12:52:26.957000Z
1.08983,1.08986,939999.9976,1070000.0525,2019-09-30T12:52:27.059000Z
1.08983,1.08986,939999.9976,939999.9976,2019-09-30T12:52:29.256000Z
1.0898100000000002,1.08986,8869999.8856,939999.9976,2019-09-30T12:52:29.357000Z
1.08983,1.08985,750000.0,750000.0,2019-09-30T12:52:31.154000Z
1.0898100000000002,1.08985,3190000.0572,1690000.0572,2019-09-30T12:52:32.793000Z
1.0898200000000002,1.08985,1000000.0,1500000.0,2019-09-30T12:52:32.945000Z
1.0898200000000002,1.08985,1690000.0572,1500000.0,2019-09-30T12:52:33.529000Z
1.0898,1.0898200000000002,3250000.0,1690000.0572,2019-09-30T12:52:36.016000Z
1.08979,1.0898100000000002,750000.0,1500000.0,2019-09-30T12:52:36.118000Z
1.08979,1.0898,750000.0,750000.0,2019-09-30T12:52:36.270000Z
1.08978,1.0898100000000002,939999.9976,750000.0,2019-09-30T12:52:36.372000Z
1.0897700000000001,1.0898,4000000.0,750000.0,2019-09-30T12:52:36.788000Z
1.0897700000000001,1.0898,3190000.0572,750000.0,2019-09-30T12:52:36.890000Z
1.08978,1.0898,750000.0,750000.0,2019-09-30T12:52:37.052000Z
1.08978,1.08979,750000.0,750000.0,2019-09-30T12:52:37.153000Z
1.0897700000000001,1.08979,750000.0,750000.0,2019-09-30T12:52:37.255000Z
1.0897700000000001,1.0898,750000.0,1690000.0572,2019-09-30T12:52:38.237000Z
1.08976,1.08979,1690000.0572,2250000.0,2019-09-30T12:52:38.915000Z
1.08975,1.08978,3190000.0572,1500000.0,2019-09-30T12:52:39.055000Z
1.08974,1.08978,3619999.8856,3000000.0,2019-09-30T12:52:39.157000Z
1.08975,1.0897700000000001,939999.9976,750000.0,2019-09-30T12:52:39.258000Z
1.08974,1.08976,750000.0,1000000.0,2019-09-30T12:52:39.410000Z
1.08972,1.08976,2869999.8856,1000000.0,2019-09-30T12:52:39.743000Z
1.08973,1.08976,750000.0,2890000.1049,2019-09-30T12:52:53.214000Z
1.0897000000000001,1.08974,6659999.8474,1009999.9905,2019-09-30T12:52:53.315000Z
1.0897000000000001,1.08973,1690000.0572,1500000.0,2019-09-30T12:52:53.417000Z
1.0897000000000001,1.08973,939999.9976,3619999.8856,2019-09-30T12:52:53.589000Z
1.0897000000000001,1.08973,1690000.0572,2700000.0477,2019-09-30T12:52:54.859000Z
1.0897000000000001,1.08972,1690000.0572,500000.0,2019-09-30T12:52:55.227000Z
1.0897100000000002,1.08972,1309999.9428,1120000.0048,2019-09-30T12:53:01.104000Z
1.0897100000000002,1.08974,2059999.9428,4500000.0,2019-09-30T12:53:01.155000Z
1.0897100000000002,1.08974,1370000.0048,1500000.0,2019-09-30T12:53:01.993000Z
1.0897100000000002,1.08975,2119999.8856,3069999.9332,2019-09-30T12:53:02.709000Z
1.08972,1.08976,939999.9976,2140000.1049,2019-09-30T12:53:04.807000Z
1.08972,1.08975,4690000.0572,1500000.0,2019-09-30T12:53:07.517000Z
1.08972,1.08976,2440000.0572,3069999.9332,2019-09-30T12:53:07.736000Z
1.08972,1.08975,1500000.0,939999.9976,2019-09-30T12:53:08.046000Z
1.0897100000000002,1.08974,1690000.0572,2319999.9332,2019-09-30T12:53:08.148000Z
1.0897100000000002,1.08973,2250000.0,750000.0,2019-09-30T12:53:10.352000Z
1.0897100000000002,1.08975,750000.0,9319999.6948,2019-09-30T12:53:13.589000Z
1.0897100000000002,1.08973,1500000.0,750000.0,2019-09-30T12:53:13.741000Z
1.0897100000000002,1.08974,1500000.0,3640000.1049,2019-09-30T12:53:16.121000Z
1.0897100000000002,1.08973,1500000.0,750000.0,2019-09-30T12:53:17.814000Z
1.08972,1.08975,1690000.0572,1820000.0525,2019-09-30T12:53:17.998000Z
1.08972,1.08976,2160000.0858,3319999.9332,2019-09-30T12:53:25.369000Z
1.08972,1.08976,1690000.0572,3319999.9332,2019-09-30T12:53:25.505000Z
1.08972,1.08976,939999.9976,1009999.9905,2019-09-30T12:53:34.975000Z
1.08974,1.0897700000000001,3559999.9428,3069999.9332,2019-09-30T12:53:35.450000Z
1.08976,1.0897700000000001,750000.0,750000.0,2019-09-30T12:53:35.552000Z
1.08976,1.08978,750000.0,750000.0,2019-09-30T12:53:35.653000Z
1.08975,1.08976,750000.0,750000.0,2019-09-30T12:53:35.920000Z
1.08974,1.08976,750000.0,750000.0,2019-09-30T12:53:36.022000Z
1.08974,1.0897700000000001,750000.0,7389999.8665,2019-09-30T12:53:36.123000Z
1.08973,1.0897700000000001,1690000.0572,2890000.1049,2019-09-30T12:53:36.565000Z
1.08973,1.0897700000000001,1759999.9905,2910000.0858,2019-09-30T12:53:38.286000Z
1.08973,1.0897700000000001,2509999.9905,939999.9976,2019-09-30T12:53:38.462000Z
1.08975,1.08978,3259999.9905,1120000.0048,2019-09-30T12:53:38.564000Z
1.0897700000000001,1.08979,750000.0,1309999.9428,2019-09-30T12:53:38.665000Z
1.08976,1.08979,1500000.0,2440000.0572,2019-09-30T12:53:39.323000Z
1.08974,1.08979,9319999.6948,1009999.9905,2019-09-30T12:53:42.593000Z
1.08974,1.08979,7469999.7902,1409999.9666,2019-09-30T12:53:43.130000Z
1.08974,1.08979,6320000.1717,1009999.9905,2019-09-30T12:53:43.505000Z
1.08974,1.08979,6719999.7902,1409999.9666,2019-09-30T12:53:44.445000Z
1.08974,1.08979,6320000.1717,1009999.9905,2019-09-30T12:53:45.256000Z
1.08974,1.08978,3259999.9905,1750000.0,2019-09-30T12:53:46.618000Z
1.08973,1.0897700000000001,5250000.0,3319999.9332,2019-09-30T12:53:46.835000Z
1.08974,1.0897700000000001,750000.0,2569999.9332,2019-09-30T12:53:47.554000Z
1.08974,1.0897700000000001,750000.0,2509999.9905,2019-09-30T12:53:47.758000Z
1.08973,1.08976,2250000.0,750000.0,2019-09-30T12:53:47.860000Z
1.08973,1.0897700000000001,2250000.0,2509999.9905,2019-09-30T12:53:47.962000Z
1.08973,1.08976,2250000.0,1500000.0,2019-09-30T12:53:48.267000Z
1.08974,1.08976,750000.0,1500000.0,2019-09-30T12:53:48.398000Z
1.08973,1.08976,1500000.0,1500000.0,2019-09-30T12:53:48.517000Z
1.08973,1.0897700000000001,1500000.0,4010000.2289,2019-09-30T12:53:48.618000Z
1.08973,1.08976,1500000.0,750000.0,2019-09-30T12:53:48.719000Z
1.08973,1.0897700000000001,1500000.0,4010000.2289,2019-09-30T12:53:48.878000Z
1.08973,1.08976,1500000.0,750000.0,2019-09-30T12:53:48.997000Z
1.08973,1.0897700000000001,1500000.0,4010000.2289,2019-09-30T12:53:49.208000Z
1.08973,1.08976,1500000.0,750000.0,2019-09-30T12:53:49.315000Z
1.08973,1.0897700000000001,1500000.0,4010000.2289,2019-09-30T12:53:49.437000Z
1.08973,1.08976,1500000.0,750000.0,2019-09-30T12:53:49.590000Z
1.08973,1.0897700000000001,750000.0,5510000.2289,2019-09-30T12:53:49.692000Z
1.08973,1.08976,750000.0,750000.0,2019-09-30T12:53:49.918000Z
1.08973,1.08976,750000.0,600000.0238,2019-09-30T12:53:50.073000Z
1.08973,1.08976,1500000.0,3000000.0,2019-09-30T12:53:50.498000Z
1.08973,1.08976,1500000.0,1220000.0286,2019-09-30T12:53:50.649000Z
1.08973,1.0897700000000001,750000.0,6260000.2289,2019-09-30T12:53:50.751000Z
1.08973,1.08976,750000.0,750000.0,2019-09-30T12:53:50.852000Z
1.08973,1.0897700000000001,1500000.0,8140000.3433,2019-09-30T12:53:58.412000Z
1.08973,1.08976,1500000.0,750000.0,2019-09-30T12:53:58.616000Z
1.08973,1.08975,1500000.0,1000000.0,2019-09-30T12:54:00.073000Z
1.08973,1.08976,1690000.0572,2509999.9905,2019-09-30T12:54:00.124000Z
1.08973,1.08976,1570000.0525,2569999.9332,2019-09-30T12:54:00.225000Z
1.0897100000000002,1.08974,3069999.9332,3190000.0572,2019-09-30T12:54:01.204000Z
1.08969,1.08973,5619999.8856,2569999.9332,2019-09-30T12:54:01.306000Z
1.0897100000000002,1.08973,939999.9976,1759999.9905,2019-09-30T12:54:01.408000Z
1.0897100000000002,1.08974,500000.0,939999.9976,2019-09-30T12:54:01.714000Z
1.0897000000000001,1.08974,4389999.8665,939999.9976,2019-09-30T12:54:01.817000Z
1.0897100000000002,1.08974,750000.0,939999.9976,2019-09-30T12:54:03.622000Z
1.08972,1.08974,750000.0,750000.0,2019-09-30T12:54:03.875000Z
1.08972,1.08976,750000.0,4690000.0572,2019-09-30T12:54:03.976000Z
1.08972,1.08974,1500000.0,750000.0,2019-09-30T12:54:08.991000Z
1.0897000000000001,1.08972,3940000.0572,750000.0,2019-09-30T12:54:09.092000Z
1.0897000000000001,1.08973,750000.0,3559999.9428,2019-09-30T12:54:09.193000Z
1.08969,1.08973,1690000.0572,4309999.9428,2019-09-30T12:54:09.319000Z
1.08969,1.08972,1120000.0048,1500000.0,2019-09-30T12:54:10.522000Z
1.08969,1.08973,1120000.0048,4500000.0,2019-09-30T12:54:10.743000Z
1.08969,1.08972,1690000.0572,1500000.0,2019-09-30T12:54:11.646000Z
1.08969,1.08973,939999.9976,5059999.9428,2019-09-30T12:54:12.168000Z
1.08969,1.08972,939999.9976,2250000.0,2019-09-30T12:54:12.848000Z
1.08969,1.08973,939999.9976,5059999.9428,2019-09-30T12:54:12.949000Z
1.08969,1.08972,939999.9976,500000.0,2019-09-30T12:54:14.370000Z
1.0897100000000002,1.08973,2250000.0,1500000.0,2019-09-30T12:54:18.020000Z
1.0897100000000002,1.08974,3940000.0572,1500000.0,2019-09-30T12:54:18.121000Z
1.0897100000000002,1.08975,1690000.0572,4309999.9428,2019-09-30T12:54:18.273000Z
1.0897100000000002,1.08975,2500000.0,2509999.9905,2019-09-30T12:54:18.476000Z
1.08972,1.08976,750000.0,4369999.8856,2019-09-30T12:54:21.859000Z
1.08972,1.08976,1690000.0572,6619999.8856,2019-09-30T12:54:23.372000Z
1.08972,1.08976,1690000.0572,3559999.9428,2019-09-30T12:54:27.566000Z
1.08972,1.08975,3940000.0572,750000.0,2019-09-30T12:54:30.393000Z
1.08972,1.08976,3940000.0572,6190000.0572,2019-09-30T12:54:30.607000Z
1.08972,1.08975,3190000.0572,750000.0,2019-09-30T12:54:32.299000Z
1.08972,1.08976,2440000.0572,2809999.9428,2019-09-30T12:54:32.578000Z
1.08972,1.08975,2440000.0572,750000.0,2019-09-30T12:54:33.698000Z
1.08972,1.08976,4690000.0572,4690000.0572,2019-09-30T12:54:33.799000Z
1.08972,1.08975,2809999.9428,750000.0,2019-09-30T12:54:40.280000Z
1.08972,1.08976,3559999.9428,3190000.0572,2019-09-30T12:54:41.535000Z
1.08973,1.08976,750000.0,2440000.0572,2019-09-30T12:54:43.275000Z
1.08976,1.08978,1870000.0048,2809999.9428,2019-09-30T12:54:43.326000Z
1.0897700000000001,1.08978,750000.0,1500000.0,2019-09-30T12:54:43.427000Z
1.0897700000000001,1.0898,939999.9976,2869999.8856,2019-09-30T12:54:43.584000Z
1.0897700000000001,1.0898,1500000.0,1690000.0572,2019-09-30T12:54:43.890000Z
1.0897700000000001,1.0898,1750000.0,1690000.0572,2019-09-30T12:54:44.369000Z
1.0897700000000001,1.0898,2250000.0,939999.9976,2019-09-30T12:54:44.725000Z
1.0898100000000002,1.0898200000000002,750000.0,1500000.0,2019-09-30T12:54:45.134000Z
1.0898100000000002,1.08984,1750000.0,1500000.0,2019-09-30T12:54:45.268000Z
1.0898100000000002,1.08984,2440000.0572,1500000.0,2019-09-30T12:54:45.319000Z
1.0898100000000002,1.08983,2440000.0572,750000.0,2019-09-30T12:54:45.420000Z
1.0898200000000002,1.08985,939999.9976,1750000.0,2019-09-30T12:54:45.522000Z
1.0898200000000002,1.08985,939999.9976,1500000.0,2019-09-30T12:54:46.258000Z
1.0898200000000002,1.08986,939999.9976,1690000.0572,2019-09-30T12:54:46.677000Z
1.0898200000000002,1.08986,1500000.0,1750000.0,2019-09-30T12:54:52.505000Z
1.08983,1.08986,750000.0,1750000.0,2019-09-30T12:54:53.835000Z
1.08983,1.08986,750000.0,939999.9976,2019-09-30T12:54:56.677000Z
1.08985,1.0898700000000001,750000.0,1750000.0,2019-09-30T12:54:56.728000Z
1.08984,1.0898700000000001,4750000.0,939999.9976,2019-09-30T12:54:56.829000Z
1.08984,1.08988,2250000.0,2119999.8856,2019-09-30T12:54:57.288000Z
1.08985,1.08988,750000.0,4000000.0,2019-09-30T12:54:58.067000Z
1.08984,1.08988,4500000.0,3250000.0,2019-09-30T12:54:58.849000Z
1.08985,1.08988,750000.0,4000000.0,2019-09-30T12:54:59.603000Z
1.08985,1.08988,750000.0,3190000.0572,2019-09-30T12:54:59.704000Z
1.08986,1.08988,2250000.0,1500000.0,2019-09-30T12:55:00.103000Z
1.08986,1.08989,5250000.0,939999.9976,2019-09-30T12:55:00.209000Z
1.08988,1.0899,4369999.8856,750000.0,2019-09-30T12:55:00.311000Z
1.0899100000000002,1.08993,6000000.0,2809999.9428,2019-09-30T12:55:00.413000Z
1.08993,1.08996,1500000.0,1000000.0,2019-09-30T12:55:00.515000Z
1.08997,1.08999,750000.0,750000.0,2019-09-30T12:55:00.618000Z
1.08997,1.09,750000.0,1690000.0572,2019-09-30T12:55:00.723000Z
1.08997,1.09,1000000.0,1690000.0572,2019-09-30T12:55:00.985000Z
1.08996,1.08997,750000.0,750000.0,2019-09-30T12:55:01.086000Z
1.08994,1.08996,1690000.0572,939999.9976,2019-09-30T12:55:01.188000Z
1.08994,1.08997,750000.0,2500000.0,2019-09-30T12:55:01.289000Z
1.08995,1.08997,750000.0,1690000.0572,2019-09-30T12:55:01.349000Z
1.08994,1.08997,750000.0,1690000.0572,2019-09-30T12:55:01.452000Z
1.08994,1.08997,750000.0,1750000.0,2019-09-30T12:55:01.553000Z
1.08993,1.08997,1870000.0048,1750000.0,2019-09-30T12:55:01.654000Z
1.0899200000000002,1.08997,5809999.9428,2869999.8856,2019-09-30T12:55:03.135000Z
1.08993,1.08997,750000.0,4000000.0,2019-09-30T12:55:03.810000Z
1.0899200000000002,1.08997,3940000.0572,3619999.8856,2019-09-30T12:55:03.928000Z
1.0899200000000002,1.08996,6750000.0,1370000.0048,2019-09-30T12:55:04.029000Z
1.08993,1.08996,750000.0,750000.0,2019-09-30T12:55:04.181000Z
1.0899200000000002,1.08996,4500000.0,750000.0,2019-09-30T12:55:04.283000Z
1.08993,1.08996,1500000.0,1000000.0,2019-09-30T12:55:05.552000Z
1.08994,1.08997,3190000.0572,2250000.0,2019-09-30T12:55:05.603000Z
1.08995,1.08998,1309999.9428,1690000.0572,2019-09-30T12:55:05.806000Z
1.08995,1.08998,750000.0,2500000.0,2019-09-30T12:55:06.115000Z
1.08995,1.08998,750000.0,3250000.0,2019-09-30T12:55:06.217000Z
1.08994,1.08998,1690000.0572,2440000.0572,2019-09-30T12:55:06.826000Z
1.08994,1.08997,9189999.5804,750000.0,2019-09-30T12:55:06.928000Z
1.08995,1.08998,750000.0,1690000.0572,2019-09-30T12:55:07.080000Z
1.08994,1.08997,1990000.0095,1750000.0,2019-09-30T12:55:07.181000Z
1.08995,1.08997,750000.0,2119999.8856,2019-09-30T12:55:07.333000Z
1.08994,1.08997,750000.0,1750000.0,2019-09-30T12:55:07.434000Z
1.08995,1.08997,750000.0,1750000.0,2019-09-30T12:55:08.389000Z
1.08994,1.08997,1500000.0,1000000.0,2019-09-30T12:55:08.490000Z
1.08995,1.08997,750000.0,1750000.0,2019-09-30T12:55:10.348000Z
1.08994,1.08997,1690000.0572,1750000.0,2019-09-30T12:55:10.449000Z
1.08994,1.08997,2440000.0572,750000.0,2019-09-30T12:55:11.601000Z
1.08994,1.08998,1690000.0572,1309999.9428,2019-09-30T12:55:12.067000Z
1.08994,1.08998,1500000.0,1370000.0048,2019-09-30T12:55:12.553000Z
1.08994,1.08996,1500000.0,750000.0,2019-09-30T12:55:12.756000Z
1.08995,1.08997,750000.0,2500000.0,2019-09-30T12:55:13.627000Z
1.08994,1.08997,750000.0,1000000.0,2019-09-30T12:55:13.756000Z
1.08993,1.08998,2319999.9332,7820000.1717,2019-09-30T12:55:14.836000Z
1.08994,1.08997,750000.0,1750000.0,2019-09-30T12:55:14.988000Z
1.08993,1.08998,2319999.9332,8199999.8093,2019-09-30T12:55:15.307000Z
1.08995,1.08997,750000.0,939999.9976,2019-09-30T12:55:15.767000Z
1.08995,1.08997,1750000.0,750000.0,2019-09-30T12:55:15.871000Z
1.08995,1.08998,4369999.8856,939999.9976,2019-09-30T12:55:15.972000Z
1.08995,1.08998,3190000.0572,750000.0,2019-09-30T12:55:16.226000Z
1.08995,1.08998,1690000.0572,2500000.0,2019-09-30T12:55:16.327000Z
1.08994,1.08997,2250000.0,560000.0024,2019-09-30T12:55:16.428000Z
1.08994,1.08997,750000.0,850000.0238,2019-09-30T12:55:16.681000Z
1.08993,1.08997,2319999.9332,2119999.8856,2019-09-30T12:55:16.905000Z
1.08994,1.08997,750000.0,2569999.9332,2019-09-30T12:55:17.106000Z
1.08993,1.08997,3069999.9332,1750000.0,2019-09-30T12:55:17.937000Z
1.08993,1.08997,750000.0,1389999.9857,2019-09-30T12:55:18.038000Z
1.08994,1.08997,750000.0,939999.9976,2019-09-30T12:55:21.550000Z
1.08995,1.08997,750000.0,1690000.0572,2019-09-30T12:55:21.651000Z
1.08995,1.08998,750000.0,819999.9928,2019-09-30T12:55:21.753000Z
1.08996,1.08999,939999.9976,3819999.9332,2019-09-30T12:55:21.854000Z
1.08997,1.08999,750000.0,1570000.0525,2019-09-30T12:55:22.161000Z
1.08997,1.08999,750000.0,1750000.0,2019-09-30T12:55:24.920000Z
1.08995,1.08999,4500000.0,1070000.0525,2019-09-30T12:55:24.971000Z
1.08995,1.08997,750000.0,1000000.0,2019-09-30T12:55:25.108000Z
1.08994,1.08997,750000.0,4099999.9046,2019-09-30T12:55:25.260000Z
1.08995,1.08998,1500000.0,2220000.0286,2019-09-30T12:55:27.679000Z
1.08995,1.08998,2910000.0858,500000.0,2019-09-30T12:55:27.780000Z
1.08997,1.08998,750000.0,500000.0,2019-09-30T12:55:27.934000Z
1.08997,1.08999,750000.0,1200000.0477,2019-09-30T12:55:29.880000Z
1.08997,1.09,1690000.0572,1570000.0525,2019-09-30T12:55:38.169000Z
1.08997,1.09,939999.9976,1220000.0286,2019-09-30T12:55:38.321000Z
1.08997,1.09,939999.9976,750000.0,2019-09-30T12:55:38.975000Z
1.08997,1.09,939999.9976,1220000.0286,2019-09-30T12:55:39.125000Z
1.08997,1.09,939999.9976,750000.0,2019-09-30T12:55:39.226000Z
1.08997,1.09,939999.9976,1220000.0286,2019-09-30T12:55:39.529000Z
1.08997,1.09,939999.9976,750000.0,2019-09-30T12:55:39.955000Z
1.08996,1.08999,2500000.0,750000.0,2019-09-30T12:55:53.938000Z
1.08996,1.08998,4000000.0,750000.0,2019-09-30T12:55:57.757000Z
1.08995,1.08997,2250000.0,750000.0,2019-09-30T12:55:57.858000Z
1.08995,1.08997,750000.0,1789999.9619,2019-09-30T12:55:58.346000Z
1.08993,1.08997,1389999.9857,1789999.9619,2019-09-30T12:55:58.397000Z
1.08993,1.08997,1389999.9857,1309999.9428,2019-09-30T12:55:58.501000Z
1.08993,1.08997,2140000.1049,2539999.9619,2019-09-30T12:55:58.602000Z
1.08993,1.08997,2140000.1049,2059999.9428,2019-09-30T12:55:58.728000Z
1.08993,1.08997,1870000.0048,2200000.0477,2019-09-30T12:55:58.829000Z
1.0899200000000002,1.08996,1759999.9905,660000.0262,2019-09-30T12:55:58.982000Z
1.0899100000000002,1.08996,9319999.6948,1009999.9905,2019-09-30T12:55:59.200000Z
1.0899100000000002,1.08996,9260000.2289,1070000.0525,2019-09-30T12:55:59.498000Z
1.0899200000000002,1.08996,1500000.0,1070000.0525,2019-09-30T12:55:59.774000Z
1.0899100000000002,1.08996,8890000.3433,1070000.0525,2019-09-30T12:55:59.926000Z
1.0899100000000002,1.08994,7199999.8093,939999.9976,2019-09-30T12:56:00.063000Z
1.0899100000000002,1.08993,1500000.0,2890000.1049,2019-09-30T12:56:00.166000Z
1.0899,1.0899200000000002,1500000.0,1409999.9666,2019-09-30T12:56:00.268000Z
1.08989,1.0899200000000002,1500000.0,1409999.9666,2019-09-30T12:56:00.319000Z
1.08989,1.0899200000000002,750000.0,2440000.0572,2019-09-30T12:56:00.451000Z
1.08989,1.0899100000000002,750000.0,1000000.0,2019-09-30T12:56:00.502000Z
1.0898700000000001,1.0899200000000002,2950000.0477,2569999.9332,2019-09-30T12:56:00.704000Z
1.0898700000000001,1.0899100000000002,1950000.0477,850000.0238,2019-09-30T12:56:01.567000Z
1.0898700000000001,1.0899200000000002,1220000.0286,4099999.9046,2019-09-30T12:56:02.963000Z
1.0898700000000001,1.0899200000000002,1500000.0,3349999.9046,2019-09-30T12:56:03.477000Z
1.08988,1.0899200000000002,750000.0,2950000.0477,2019-09-30T12:56:03.579000Z
1.08989,1.0899200000000002,1500000.0,1820000.0525,2019-09-30T12:56:03.931000Z
1.0899,1.08994,3250000.0,1070000.0525,2019-09-30T12:56:04.034000Z
1.0899200000000002,1.08995,750000.0,5199999.8093,2019-09-30T12:56:04.139000Z
1.0899100000000002,1.08995,1309999.9428,2569999.9332,2019-09-30T12:56:06.389000Z
1.0899200000000002,1.08995,750000.0,3319999.9332,2019-09-30T12:56:06.663000Z
1.0899,1.08993,819999.9928,1690000.0572,2019-09-30T12:56:07.616000Z
1.0899,1.0899100000000002,750000.0,750000.0,2019-09-30T12:56:07.667000Z
1.08988,1.0899100000000002,3640000.1049,750000.0,2019-09-30T12:56:07.717000Z
1.08988,1.0899200000000002,2809999.9428,2319999.9332,2019-09-30T12:56:07.830000Z
1.0899,1.0899100000000002,750000.0,750000.0,2019-09-30T12:56:08.289000Z
1.0899,1.08993,2809999.9428,1950000.0477,2019-09-30T12:56:08.340000Z
1.0899,1.08993,6289999.9619,750000.0,2019-09-30T12:56:08.441000Z
1.0899,1.08993,4010000.2289,750000.0,2019-09-30T12:56:08.542000Z
1.0899100000000002,1.08993,750000.0,750000.0,2019-09-30T12:56:08.644000Z
1.0899,1.08993,4010000.2289,750000.0,2019-09-30T12:56:08.795000Z
1.0899100000000002,1.08993,750000.0,750000.0,2019-09-30T12:56:09.938000Z
1.0899,1.08993,4010000.2289,750000.0,2019-09-30T12:56:10.271000Z
1.0899100000000002,1.08993,750000.0,750000.0,2019-09-30T12:56:10.628000Z
1.0899,1.08993,5510000.2289,750000.0,2019-09-30T12:56:10.730000Z
1.0899100000000002,1.08993,750000.0,750000.0,2019-09-30T12:56:10.967000Z
1.0899100000000002,1.08995,750000.0,1820000.0525,2019-09-30T12:56:11.108000Z
1.0899100000000002,1.08995,2220000.0286,1570000.0525,2019-09-30T12:56:11.209000Z
1.0899100000000002,1.08995,1970000.0286,1820000.0525,2019-09-30T12:56:11.310000Z
1.0899100000000002,1.08995,1690000.0572,1759999.9905,2019-09-30T12:56:11.462000Z
1.0899200000000002,1.08995,1690000.0572,1690000.0572,2019-09-30T12:56:11.564000Z
1.0899200000000002,1.08996,2890000.1049,1500000.0,2019-09-30T12:56:12.743000Z
1.08993,1.08996,1500000.0,2250000.0,2019-09-30T12:56:12.894000Z
1.08993,1.08995,1570000.0525,750000.0,2019-09-30T12:56:13.619000Z
1.08994,1.08996,600000.0238,1500000.0,2019-09-30T12:56:13.721000Z
1.08993,1.08996,1950000.0477,1500000.0,2019-09-30T12:56:13.822000Z
1.08996,1.08999,1120000.0048,1690000.0572,2019-09-30T12:56:14.366000Z
1.08997,1.08999,600000.0238,939999.9976,2019-09-30T12:56:14.623000Z
1.08996,1.08999,1200000.0477,1309999.9428,2019-09-30T12:56:14.788000Z
1.08995,1.08999,6639999.8665,1309999.9428,2019-09-30T12:56:16.051000Z
1.08996,1.08999,500000.0,1309999.9428,2019-09-30T12:56:16.170000Z
1.08995,1.08999,1950000.0477,2119999.8856,2019-09-30T12:56:16.440000Z
1.08995,1.08999,3640000.1049,5510000.2289,2019-09-30T12:56:16.583000Z
1.08995,1.08998,3259999.9905,750000.0,2019-09-30T12:56:17.008000Z
1.08995,1.08998,1950000.0477,1000000.0,2019-09-30T12:56:17.336000Z
1.08995,1.08998,2539999.9619,750000.0,2019-09-30T12:56:17.668000Z
1.08995,1.08998,2509999.9905,750000.0,2019-09-30T12:56:17.820000Z
1.08995,1.08998,2539999.9619,750000.0,2019-09-30T12:56:18.023000Z
1.08995,1.08998,1309999.9428,750000.0,2019-09-30T12:56:18.125000Z
1.08993,1.08998,3319999.9332,3700000.0477,2019-09-30T12:56:19.800000Z
1.08995,1.08998,750000.0,4750000.0,2019-09-30T12:56:20.053000Z
1.08994,1.08997,2140000.1049,1000000.0,2019-09-30T12:56:20.201000Z
1.08995,1.08998,750000.0,3250000.0,2019-09-30T12:56:21.067000Z
1.08994,1.08998,1389999.9857,3250000.0,2019-09-30T12:56:21.195000Z
1.08993,1.08997,4039999.9619,1000000.0,2019-09-30T12:56:23.460000Z
1.08995,1.08998,2059999.9428,750000.0,2019-09-30T12:56:23.675000Z
1.08996,1.08999,500000.0,1690000.0572,2019-09-30T12:56:23.777000Z
1.08996,1.08998,1120000.0048,750000.0,2019-09-30T12:56:23.878000Z
1.08996,1.08999,1120000.0048,2440000.0572,2019-09-30T12:56:23.980000Z
1.08996,1.08999,1120000.0048,2910000.0858,2019-09-30T12:56:24.189000Z
1.08996,1.08999,500000.0,1690000.0572,2019-09-30T12:56:24.695000Z
1.08995,1.08999,4010000.2289,1690000.0572,2019-09-30T12:56:24.965000Z
1.08996,1.08999,750000.0,1690000.0572,2019-09-30T12:56:25.639000Z
1.08996,1.09,3559999.9428,639999.9857,2019-09-30T12:56:32.699000Z
1.08997,1.09,750000.0,1309999.9428,2019-09-30T12:56:32.800000Z
1.08996,1.09,3559999.9428,639999.9857,2019-09-30T12:56:32.904000Z
1.08997,1.09,750000.0,1309999.9428,2019-09-30T12:56:35.242000Z
1.08996,1.08999,3000000.0,939999.9976,2019-09-30T12:56:35.343000Z
1.08996,1.08999,819999.9928,4000000.0,2019-09-30T12:56:35.495000Z
1.08994,1.08998,1759999.9905,560000.0024,2019-09-30T12:56:35.546000Z
1.08994,1.08997,3000000.0,1370000.0048,2019-09-30T12:56:35.647000Z
1.08994,1.08997,3190000.0572,500000.0,2019-09-30T12:56:35.849000Z
1.08996,1.08997,750000.0,600000.0238,2019-09-30T12:56:36.198000Z
1.08996,1.09,1120000.0048,5949999.8093,2019-09-30T12:56:36.350000Z
1.08995,1.08999,2890000.1049,939999.9976,2019-09-30T12:56:37.636000Z
1.08995,1.08998,2440000.0572,750000.0,2019-09-30T12:56:37.939000Z
1.08994,1.08997,3549999.9523,750000.0,2019-09-30T12:56:38.041000Z
1.08994,1.08997,3190000.0572,1500000.0,2019-09-30T12:56:38.249000Z
1.08994,1.08998,2809999.9428,1759999.9905,2019-09-30T12:56:38.351000Z
1.08994,1.08998,2869999.8856,2319999.9332,2019-09-30T12:56:39.203000Z
1.08996,1.08998,750000.0,750000.0,2019-09-30T12:56:39.363000Z
1.08997,1.08998,750000.0,750000.0,2019-09-30T12:56:39.514000Z
1.08997,1.08999,750000.0,3190000.0572,2019-09-30T12:56:39.616000Z
1.08996,1.08999,750000.0,2440000.0572,2019-09-30T12:56:40.386000Z
1.08994,1.08998,2440000.0572,3259999.9905,2019-09-30T12:56:40.488000Z
1.08994,1.08996,3190000.0572,750000.0,2019-09-30T12:56:42.676000Z
1.08995,1.08996,750000.0,750000.0,2019-09-30T12:56:44.815000Z
1.08993,1.08996,4599999.9046,750000.0,2019-09-30T12:56:44.967000Z
1.08993,1.08996,819999.9928,1570000.0525,2019-09-30T12:56:45.068000Z
1.0899200000000002,1.08996,1950000.0477,3700000.0477,2019-09-30T12:56:45.174000Z
1.0899200000000002,1.08996,3470000.0286,3700000.0477,2019-09-30T12:56:45.477000Z
1.0899200000000002,1.08996,2700000.0477,2950000.0477,2019-09-30T12:56:45.760000Z
1.08993,1.08996,750000.0,1820000.0525,2019-09-30T12:56:48.622000Z
1.08993,1.08997,1649999.9762,3720000.0286,2019-09-30T12:56:51.171000Z
1.0899200000000002,1.08997,2589999.9142,4070000.1717,2019-09-30T12:56:53.119000Z
1.08993,1.08996,750000.0,1009999.9905,2019-09-30T12:56:55.850000Z
1.0899200000000002,1.08996,2509999.9905,1009999.9905,2019-09-30T12:56:58.169000Z
1.0899200000000002,1.08996,2990000.0095,1009999.9905,2019-09-30T12:56:59.487000Z
1.0899200000000002,1.08995,2539999.9619,750000.0,2019-09-30T12:56:59.588000Z
1.0899200000000002,1.08996,1759999.9905,1009999.9905,2019-09-30T12:56:59.689000Z
1.0899200000000002,1.08996,819999.9928,2569999.9332,2019-09-30T12:57:00.820000Z
1.08995,1.08996,500000.0,939999.9976,2019-09-30T12:57:03.137000Z
1.08994,1.08997,3259999.9905,1570000.0525,2019-09-30T12:57:03.283000Z
1.08994,1.08997,750000.0,4070000.1717,2019-09-30T12:57:03.335000Z
1.08993,1.08996,1009999.9905,1000000.0,2019-09-30T12:57:04.194000Z
1.0899200000000002,1.08994,1570000.0525,939999.9976,2019-09-30T12:57:05.100000Z
1.0899,1.08993,1090000.0334,1500000.0,2019-09-30T12:57:05.392000Z
1.0899,1.0899200000000002,750000.0,1000000.0,2019-09-30T12:57:05.495000Z
1.0899,1.08993,939999.9976,2119999.8856,2019-09-30T12:57:05.697000Z
1.0899100000000002,1.08993,750000.0,2869999.8856,2019-09-30T12:57:06.296000Z
1.0899200000000002,1.08993,750000.0,939999.9976,2019-09-30T12:57:09.145000Z
1.0899200000000002,1.08995,1500000.0,3720000.0286,2019-09-30T12:57:09.196000Z
1.08993,1.08995,750000.0,2220000.0286,2019-09-30T12:57:12.501000Z
1.0899100000000002,1.08993,1299999.9523,750000.0,2019-09-30T12:57:12.603000Z
1.0899200000000002,1.08994,750000.0,5889999.8665,2019-09-30T12:57:12.756000Z
1.0899200000000002,1.08994,750000.0,3319999.9332,2019-09-30T12:57:13.217000Z
1.0899100000000002,1.08994,1570000.0525,2569999.9332,2019-09-30T12:57:15.878000Z
1.0899200000000002,1.08994,1570000.0525,1690000.0572,2019-09-30T12:57:15.980000Z
1.08993,1.08995,500000.0,1070000.0525,2019-09-30T12:57:17.095000Z
1.08993,1.08996,500000.0,5599999.9046,2019-09-30T12:57:17.871000Z
1.0899200000000002,1.08996,1570000.0525,5199999.8093,2019-09-30T12:57:18.098000Z
1.08993,1.08996,500000.0,4099999.9046,2019-09-30T12:57:19.170000Z
1.0899200000000002,1.08995,1570000.0525,1009999.9905,2019-09-30T12:57:20.383000Z
1.0899200000000002,1.08995,1200000.0477,2569999.9332,2019-09-30T12:57:20.484000Z
1.0899200000000002,1.08993,750000.0,819999.9928,2019-09-30T12:57:20.585000Z
1.0899100000000002,1.08993,1200000.0477,1500000.0,2019-09-30T12:57:22.360000Z
1.08993,1.08994,1690000.0572,3000000.0,2019-09-30T12:57:22.411000Z
1.08994,1.08996,1120000.0048,2720000.0286,2019-09-30T12:57:22.513000Z
1.08994,1.08996,500000.0,819999.9928,2019-09-30T12:57:22.660000Z
1.08994,1.08996,660000.0262,750000.0,2019-09-30T12:57:24.119000Z
1.08994,1.08997,1039999.9619,3369999.8856,2019-09-30T12:57:26.334000Z
1.08994,1.08997,1009999.9905,500000.0,2019-09-30T12:57:26.461000Z
1.08995,1.08997,750000.0,500000.0,2019-09-30T12:57:27.262000Z
1.08995,1.08997,750000.0,850000.0238,2019-09-30T12:57:27.363000Z
1.08995,1.08997,750000.0,500000.0,2019-09-30T12:57:27.485000Z
1.08995,1.08998,1009999.9905,2319999.9332,2019-09-30T12:57:29.623000Z
1.08997,1.08999,2250000.0,3000000.0,2019-09-30T12:57:29.724000Z
1.08995,1.08997,2960000.0381,750000.0,2019-09-30T12:57:30.562000Z
1.08995,1.08998,2700000.0477,1759999.9905,2019-09-30T12:57:30.663000Z
1.08995,1.08997,2619999.8856,750000.0,2019-09-30T12:57:30.916000Z
1.08996,1.08998,750000.0,2140000.1049,2019-09-30T12:57:31.048000Z
1.08995,1.08998,1120000.0048,2890000.1049,2019-09-30T12:57:31.378000Z
1.08995,1.08997,1200000.0477,500000.0,2019-09-30T12:57:31.530000Z
1.08996,1.08997,750000.0,1120000.0048,2019-09-30T12:57:32.427000Z
1.08996,1.08999,750000.0,2890000.1049,2019-09-30T12:57:32.580000Z
1.08996,1.08998,750000.0,750000.0,2019-09-30T12:57:32.683000Z
1.08995,1.08998,1570000.0525,2509999.9905,2019-09-30T12:57:33.330000Z
1.08995,1.08998,750000.0,8159999.8474,2019-09-30T12:57:33.432000Z
1.08993,1.08996,750000.0,5969999.7902,2019-09-30T12:57:33.535000Z
1.08993,1.08995,750000.0,560000.0024,2019-09-30T12:57:35.029000Z
1.08993,1.08997,1120000.0048,6699999.8093,2019-09-30T12:57:35.946000Z
1.08993,1.08996,1120000.0048,1000000.0,2019-09-30T12:57:40.683000Z
1.08994,1.08996,750000.0,1000000.0,2019-09-30T12:57:41.837000Z
1.08994,1.08997,1500000.0,560000.0024,2019-09-30T12:57:45.385000Z
1.08994,1.08997,2700000.0477,750000.0,2019-09-30T12:57:45.487000Z
1.08995,1.08997,750000.0,1370000.0048,2019-09-30T12:57:45.588000Z
1.08994,1.08997,2250000.0,750000.0,2019-09-30T12:57:45.766000Z
1.08993,1.08997,3819999.9332,5869999.8856,2019-09-30T12:57:46.902000Z
1.08993,1.08997,3819999.9332,3619999.8856,2019-09-30T12:57:47.841000Z
1.0899200000000002,1.08993,1950000.0477,750000.0,2019-09-30T12:57:50.584000Z
1.0899100000000002,1.08994,1950000.0477,1750000.0,2019-09-30T12:57:50.635000Z
1.0899200000000002,1.08994,750000.0,939999.9976,2019-09-30T12:57:50.737000Z
1.0899200000000002,1.08995,750000.0,1000000.0,2019-09-30T12:57:51.523000Z
1.0899100000000002,1.08995,3819999.9332,1750000.0,2019-09-30T12:57:51.912000Z
1.0899200000000002,1.08996,1220000.0286,4409999.8474,2019-09-30T12:57:51.963000Z
1.0899100000000002,1.08994,3819999.9332,939999.9976,2019-09-30T12:57:52.402000Z
1.0899100000000002,1.08994,3819999.9332,1000000.0,2019-09-30T12:57:52.554000Z
1.0899200000000002,1.08994,750000.0,1000000.0,2019-09-30T12:57:53.010000Z
1.0899100000000002,1.08994,3819999.9332,1690000.0572,2019-09-30T12:57:53.534000Z
1.0899200000000002,1.08994,750000.0,2440000.0572,2019-09-30T12:57:53.636000Z
1.0899200000000002,1.08995,1200000.0477,939999.9976,2019-09-30T12:57:55.333000Z
1.08993,1.08997,1220000.0286,4429999.8283,2019-09-30T12:57:55.535000Z
1.08993,1.08997,600000.0238,5179999.8283,2019-09-30T12:57:55.636000Z
1.0899200000000002,1.08997,4389999.8665,5179999.8283,2019-09-30T12:57:55.737000Z
1.08993,1.08997,1200000.0477,3619999.8856,2019-09-30T12:57:55.839000Z
1.08993,1.08997,1600000.0238,4369999.8856,2019-09-30T12:57:56.967000Z
1.08993,1.08997,1570000.0525,8949999.8093,2019-09-30T12:57:57.068000Z
1.08993,1.08997,1389999.9857,2950000.0477,2019-09-30T12:58:01.880000Z
1.0899200000000002,1.08996,4070000.1717,660000.0262,2019-09-30T12:58:05.414000Z
1.08993,1.08996,939999.9976,939999.9976,2019-09-30T12:58:07.421000Z
1.08994,1.08996,750000.0,560000.0024,2019-09-30T12:58:11.710000Z
1.08995,1.08998,939999.9976,5619999.8856,2019-09-30T12:58:11.812000Z
1.08996,1.08999,500000.0,3559999.9428,2019-09-30T12:58:11.913000Z
1.08996,1.09,2509999.9905,3940000.0572,2019-09-30T12:58:12.615000Z
1.08996,1.08998,939999.9976,2250000.0,2019-09-30T12:58:13.499000Z
1.08995,1.08997,1500000.0,939999.9976,2019-09-30T12:58:13.601000Z
1.08994,1.08998,3069999.9332,5119999.8856,2019-09-30T12:58:13.703000Z
1.08994,1.08997,5199999.8093,1120000.0048,2019-09-30T12:58:16.891000Z
1.08995,1.08998,2140000.1049,500000.0,2019-09-30T12:58:17.094000Z
1.08995,1.08999,2140000.1049,2059999.9428,2019-09-30T12:58:17.398000Z
1.08995,1.08997,819999.9928,1120000.0048,2019-09-30T12:58:17.505000Z
1.08994,1.08997,2250000.0,3190000.0572,2019-09-30T12:58:17.607000Z
1.08994,1.08996,1500000.0,750000.0,2019-09-30T12:58:18.539000Z
1.08994,1.08997,1500000.0,2250000.0,2019-09-30T12:58:18.691000Z
1.08995,1.08997,750000.0,3750000.0,2019-09-30T12:58:19.677000Z
1.08994,1.08997,1500000.0,2250000.0,2019-09-30T12:58:19.871000Z
1.08994,1.08997,1500000.0,3250000.0,2019-09-30T12:58:22.437000Z
1.08995,1.08998,2440000.0572,1570000.0525,2019-09-30T12:58:22.842000Z
1.08996,1.08999,500000.0,1690000.0572,2019-09-30T12:58:22.944000Z
1.08996,1.08997,750000.0,750000.0,2019-09-30T12:58:24.029000Z
1.08994,1.08997,2700000.0477,1309999.9428,2019-09-30T12:58:24.080000Z
1.08994,1.08995,1950000.0477,1500000.0,2019-09-30T12:58:24.131000Z
1.0899100000000002,1.08993,2700000.0477,560000.0024,2019-09-30T12:58:24.253000Z
1.0899100000000002,1.08994,2950000.0477,3190000.0572,2019-09-30T12:58:24.367000Z
1.08994,1.08997,750000.0,4369999.8856,2019-09-30T12:58:25.279000Z
1.08993,1.08997,1500000.0,2869999.8856,2019-09-30T12:58:25.381000Z
1.08994,1.08996,750000.0,1750000.0,2019-09-30T12:58:25.812000Z
1.0899100000000002,1.08994,2059999.9428,750000.0,2019-09-30T12:58:25.913000Z
1.0899100000000002,1.08994,1500000.0,1000000.0,2019-09-30T12:58:26.115000Z
1.0899100000000002,1.08995,3640000.1049,939999.9976,2019-09-30T12:58:26.267000Z
1.0899200000000002,1.08995,500000.0,1690000.0572,2019-09-30T12:58:27.230000Z
1.0899200000000002,1.08994,500000.0,1120000.0048,2019-09-30T12:58:27.411000Z
1.0899,1.08993,3289999.9619,750000.0,2019-09-30T12:58:27.462000Z
1.0899,1.08993,3259999.9905,1000000.0,2019-09-30T12:58:27.564000Z
1.0899100000000002,1.08994,1200000.0477,4750000.0,2019-09-30T12:58:27.665000Z
1.0899,1.08994,3259999.9905,2880000.1144,2019-09-30T12:58:27.814000Z
1.0899100000000002,1.08993,600000.0238,1750000.0,2019-09-30T12:58:28.320000Z
1.0899200000000002,1.08994,750000.0,2869999.8856,2019-09-30T12:58:28.471000Z
1.0899200000000002,1.08994,750000.0,1870000.0048,2019-09-30T12:58:28.522000Z
1.0899200000000002,1.08994,750000.0,1370000.0048,2019-09-30T12:58:29.158000Z
1.0899100000000002,1.08994,1120000.0048,750000.0,2019-09-30T12:58:30.159000Z
1.0899200000000002,1.08994,500000.0,750000.0,2019-09-30T12:58:30.720000Z
1.0899200000000002,1.08994,560000.0024,1389999.9857,2019-09-30T12:58:31.534000Z
1.0899100000000002,1.08994,500000.0,4000000.0,2019-09-30T12:58:35.427000Z
1.0899,1.08994,4690000.0572,2569999.9332,2019-09-30T12:58:35.528000Z
1.0899100000000002,1.08993,750000.0,1000000.0,2019-09-30T12:58:37.605000Z
1.0899,1.08993,2809999.9428,1000000.0,2019-09-30T12:58:37.706000Z
1.0899100000000002,1.08993,750000.0,750000.0,2019-09-30T12:58:38.306000Z
1.0899200000000002,1.08993,2250000.0,939999.9976,2019-09-30T12:58:44.563000Z
1.08993,1.08995,2250000.0,1409999.9666,2019-09-30T12:58:44.614000Z
1.0899200000000002,1.08994,3000000.0,750000.0,2019-09-30T12:58:44.716000Z
1.0899200000000002,1.08995,2250000.0,1759999.9905,2019-09-30T12:58:45.070000Z
1.0899200000000002,1.08995,2250000.0,2539999.9619,2019-09-30T12:58:45.179000Z
1.0899200000000002,1.08995,3000000.0,3259999.9905,2019-09-30T12:58:45.465000Z
1.08993,1.08996,2250000.0,3349999.9046,2019-09-30T12:58:45.567000Z
1.08993,1.08994,2250000.0,750000.0,2019-09-30T12:58:46.016000Z
1.08993,1.08995,2250000.0,1009999.9905,2019-09-30T12:58:46.117000Z
1.0899200000000002,1.08995,3000000.0,1759999.9905,2019-09-30T12:58:50.296000Z
1.0899200000000002,1.08994,3000000.0,500000.0,2019-09-30T12:58:50.733000Z
1.0899100000000002,1.0899200000000002,819999.9928,1690000.0572,2019-09-30T12:58:50.784000Z
1.08989,1.0899100000000002,750000.0,1000000.0,2019-09-30T12:58:50.889000Z
1.08988,1.0899100000000002,2809999.9428,1070000.0525,2019-09-30T12:58:50.940000Z
1.0899,1.0899100000000002,2250000.0,1009999.9905,2019-09-30T12:58:52.007000Z
1.08989,1.08993,2250000.0,5599999.9046,2019-09-30T12:58:52.209000Z
1.08988,1.0899100000000002,3750000.0,1450000.0477,2019-09-30T12:58:53.909000Z
1.08988,1.0899100000000002,3940000.0572,1870000.0048,2019-09-30T12:58:54.163000Z
1.08988,1.0899100000000002,3750000.0,2200000.0477,2019-09-30T12:58:54.316000Z
1.08985,1.08988,4500000.0,1370000.0048,2019-09-30T12:58:57.415000Z
1.08986,1.08989,2250000.0,2809999.9428,2019-09-30T12:58:57.516000Z
1.08985,1.08989,3940000.0572,4309999.9428,2019-09-30T12:58:57.618000Z
1.08986,1.08989,2250000.0,4309999.9428,2019-09-30T12:58:57.769000Z
1.08986,1.08988,2250000.0,750000.0,2019-09-30T12:58:57.870000Z
1.08986,1.08989,2250000.0,3559999.9428,2019-09-30T12:58:58.522000Z
1.08986,1.08988,2250000.0,750000.0,2019-09-30T12:58:58.935000Z
1.08986,1.08989,2250000.0,2809999.9428,2019-09-30T12:58:59.209000Z
1.08985,1.08989,5059999.9428,2809999.9428,2019-09-30T12:58:59.332000Z
1.08986,1.08989,600000.0238,2809999.9428,2019-09-30T12:58:59.927000Z
1.08985,1.08989,4690000.0572,3559999.9428,2019-09-30T12:59:00.361000Z
1.08985,1.08989,3750000.0,3619999.8856,2019-09-30T12:59:00.536000Z
1.08985,1.0898700000000001,3000000.0,939999.9976,2019-09-30T12:59:00.683000Z
1.08985,1.08988,3000000.0,1690000.0572,2019-09-30T12:59:00.988000Z
1.08985,1.08988,3000000.0,1370000.0048,2019-09-30T12:59:02.400000Z
1.08985,1.0898700000000001,3000000.0,1309999.9428,2019-09-30T12:59:02.501000Z
1.08984,1.0898700000000001,2700000.0477,1309999.9428,2019-09-30T12:59:05.315000Z
1.08983,1.08985,639999.9857,4650000.0954,2019-09-30T12:59:08.801000Z
1.0898100000000002,1.0898200000000002,750000.0,939999.9976,2019-09-30T12:59:08.903000Z
1.0898,1.0898200000000002,560000.0024,2059999.9428,2019-09-30T12:59:09.005000Z
1.0898,1.0898200000000002,819999.9928,1000000.0,2019-09-30T12:59:09.641000Z
1.08979,1.0898200000000002,2890000.1049,1000000.0,2019-09-30T12:59:09.945000Z
1.08979,1.0898200000000002,1759999.9905,1500000.0,2019-09-30T12:59:10.745000Z
1.08978,1.0898200000000002,2140000.1049,1690000.0572,2019-09-30T12:59:10.846000Z
1.08978,1.0898200000000002,1500000.0,1750000.0,2019-09-30T12:59:10.948000Z
1.08978,1.0898200000000002,3190000.0572,3259999.9905,2019-09-30T12:59:11.736000Z
1.08978,1.0898200000000002,1870000.0048,1000000.0,2019-09-30T12:59:11.837000Z
1.08978,1.0898200000000002,3069999.9332,1690000.0572,2019-09-30T12:59:11.938000Z
1.08979,1.0898200000000002,1200000.0477,1759999.9905,2019-09-30T12:59:12.040000Z
1.08978,1.0898200000000002,5320000.1717,2509999.9905,2019-09-30T12:59:12.191000Z
1.0898200000000002,1.08983,1200000.0477,819999.9928,2019-09-30T12:59:12.343000Z
1.08983,1.08984,560000.0024,1500000.0,2019-09-30T12:59:12.444000Z
1.08984,1.0898700000000001,750000.0,2440000.0572,2019-09-30T12:59:12.748000Z
1.08984,1.08986,500000.0,750000.0,2019-09-30T12:59:13.404000Z
1.08984,1.0898700000000001,1120000.0048,2059999.9428,2019-09-30T12:59:13.625000Z
1.08984,1.08986,500000.0,750000.0,2019-09-30T12:59:17.421000Z
1.08984,1.0898700000000001,500000.0,2809999.9428,2019-09-30T12:59:17.601000Z
1.08983,1.0898700000000001,1389999.9857,2059999.9428,2019-09-30T12:59:17.968000Z
1.08983,1.0898700000000001,5199999.8093,1870000.0048,2019-09-30T12:59:18.251000Z
1.08984,1.08988,9699999.8093,1309999.9428,2019-09-30T12:59:18.356000Z
1.0898700000000001,1.0899,1950000.0477,3619999.8856,2019-09-30T12:59:18.508000Z
1.0898700000000001,1.0899,1950000.0477,939999.9976,2019-09-30T12:59:18.559000Z
1.0898700000000001,1.0899,3190000.0572,1000000.0,2019-09-30T12:59:19.600000Z
1.0898700000000001,1.08988,939999.9976,750000.0,2019-09-30T12:59:19.701000Z
1.0898700000000001,1.08989,1309999.9428,939999.9976,2019-09-30T12:59:20.180000Z
1.08986,1.08989,750000.0,1690000.0572,2019-09-30T12:59:22.767000Z
1.08985,1.08988,1389999.9857,750000.0,2019-09-30T12:59:22.868000Z
1.08985,1.0898700000000001,939999.9976,560000.0024,2019-09-30T12:59:22.970000Z
1.08985,1.0898700000000001,750000.0,750000.0,2019-09-30T12:59:23.071000Z
1.08984,1.08988,639999.9857,4750000.0,2019-09-30T12:59:25.203000Z
1.08984,1.08988,2950000.0477,3000000.0,2019-09-30T12:59:29.379000Z
1.08985,1.08989,2200000.0477,1370000.0048,2019-09-30T12:59:29.480000Z
1.08985,1.08989,1950000.0477,4000000.0,2019-09-30T12:59:30.467000Z
1.08986,1.08989,1200000.0477,2500000.0,2019-09-30T12:59:34.151000Z
1.08985,1.08988,1200000.0477,1000000.0,2019-09-30T12:59:35.539000Z
1.08984,1.08989,7389999.8665,7750000.0,2019-09-30T12:59:36.145000Z
1.08985,1.08989,1570000.0525,9250000.0,2019-09-30T12:59:36.417000Z
1.08984,1.08989,7389999.8665,7750000.0,2019-09-30T12:59:36.519000Z
1.08984,1.08988,8159999.8474,750000.0,2019-09-30T12:59:37.297000Z
1.08984,1.08989,8140000.3433,7000000.0,2019-09-30T12:59:38.331000Z
1.08985,1.08988,1500000.0,2119999.8856,2019-09-30T12:59:38.761000Z
1.08984,1.08989,7389999.8665,11869999.8856,2019-09-30T12:59:39.006000Z
1.08985,1.08988,750000.0,1000000.0,2019-09-30T12:59:39.368000Z
1.08986,1.08989,1389999.9857,1120000.0048,2019-09-30T12:59:39.994000Z
1.08985,1.08989,5199999.8093,2059999.9428,2019-09-30T12:59:44.178000Z
1.08986,1.08989,3640000.1049,750000.0,2019-09-30T12:59:50.188000Z
1.0898700000000001,1.08989,500000.0,750000.0,2019-09-30T12:59:50.682000Z
1.08986,1.08989,3640000.1049,750000.0,2019-09-30T12:59:51.162000Z
1.08985,1.08989,2890000.1049,939999.9976,2019-09-30T12:59:51.418000Z
1.08986,1.08989,600000.0238,939999.9976,2019-09-30T12:59:51.519000Z
1.08985,1.08989,2890000.1049,1690000.0572,2019-09-30T12:59:51.620000Z
1.08986,1.08989,600000.0238,2059999.9428,2019-09-30T12:59:51.824000Z
1.08985,1.08989,4389999.8665,2059999.9428,2019-09-30T12:59:52.050000Z
1.08986,1.08989,600000.0238,2809999.9428,2019-09-30T12:59:52.151000Z
