bid,ask,bid_vol,ask_vol,time
1.1492600000000002,1.14928,1000000.0,2369999.8856,2019-01-31T13:45:00.089000Z
1.1492700000000002,1.14928,1000000.0,1000000.0,2019-01-31T13:45:00.213000Z
1.1492700000000002,1.14929,1000000.0,4010000.2289,2019-01-31T13:45:00.315000Z
1.1492700000000002,1.14929,1000000.0,4449999.8093,2019-01-31T13:45:00.417000Z
1.1492700000000002,1.14929,1000000.0,6639999.8665,2019-01-31T13:45:00.519000Z
1.1492700000000002,1.14929,1000000.0,2569999.9332,2019-01-31T13:45:00.629000Z
1.1492600000000002,1.14929,3000000.0,1570000.0525,2019-01-31T13:45:00.731000Z
1.1492700000000002,1.14929,1000000.0,1120000.0048,2019-01-31T13:45:00.884000Z
1.1492600000000002,1.1493,2619999.8856,4119999.8856,2019-01-31T13:45:00.986000Z
1.1492600000000002,1.1493,3369999.8856,5119999.8856,2019-01-31T13:45:01.089000Z
1.1492600000000002,1.1493,3559999.9428,4119999.8856,2019-01-31T13:45:01.202000Z
1.1492600000000002,1.14929,5059999.9428,1690000.0572,2019-01-31T13:45:01.304000Z
1.1492600000000002,1.14928,1000000.0,1500000.0,2019-01-31T13:45:01.560000Z
1.1492700000000002,1.14929,1000000.0,3640000.1049,2019-01-31T13:45:01.673000Z
1.1492700000000002,1.14928,1000000.0,1000000.0,2019-01-31T13:45:01.928000Z
1.14925,1.14928,8250000.0,1120000.0048,2019-01-31T13:45:02.240000Z
1.1492600000000002,1.14928,2250000.0,2619999.8856,2019-01-31T13:45:02.343000Z
1.1492700000000002,1.14928,1000000.0,1000000.0,2019-01-31T13:45:03.323000Z
1.1492600000000002,1.14928,3369999.8856,1000000.0,2019-01-31T13:45:03.468000Z
1.14925,1.14928,7199999.8093,2250000.0,2019-01-31T13:45:03.570000Z
1.1492600000000002,1.14928,1120000.0048,1000000.0,2019-01-31T13:45:03.672000Z
1.14924,1.1492700000000002,2619999.8856,3000000.0,2019-01-31T13:45:03.724000Z
1.14923,1.14925,6449999.8093,1000000.0,2019-01-31T13:45:03.826000Z
1.14923,1.1492600000000002,4869999.8856,5320000.1717,2019-01-31T13:45:03.928000Z
1.14924,1.1492600000000002,1120000.0048,6750000.0,2019-01-31T13:45:04.240000Z
1.14923,1.1492600000000002,4869999.8856,4869999.8856,2019-01-31T13:45:04.342000Z
1.14923,1.14925,4869999.8856,1000000.0,2019-01-31T13:45:04.443000Z
1.14923,1.1492600000000002,4869999.8856,4869999.8856,2019-01-31T13:45:04.565000Z
1.14923,1.14925,4869999.8856,1000000.0,2019-01-31T13:45:04.729000Z
1.14924,1.14925,1000000.0,1000000.0,2019-01-31T13:45:04.859000Z
1.1492200000000001,1.1492600000000002,5619999.8856,5889999.8665,2019-01-31T13:45:05.065000Z
1.14923,1.1492600000000002,2250000.0,5760000.2289,2019-01-31T13:45:05.264000Z
1.14923,1.14925,1000000.0,1250000.0,2019-01-31T13:45:06.123000Z
1.14923,1.14925,1000000.0,1250000.0,2019-01-31T13:45:06.251000Z
1.14923,1.1492600000000002,1870000.0048,9939999.5804,2019-01-31T13:45:06.739000Z
1.14923,1.14925,1000000.0,1500000.0,2019-01-31T13:45:06.841000Z
1.1492200000000001,1.14925,4309999.9428,4750000.0,2019-01-31T13:45:06.943000Z
1.14923,1.14925,1120000.0048,1750000.0,2019-01-31T13:45:07.045000Z
1.14923,1.14925,1120000.0048,1250000.0,2019-01-31T13:45:07.147000Z
1.14921,1.14925,4349999.9046,1250000.0,2019-01-31T13:45:07.991000Z
1.14921,1.14925,5289999.9619,3069999.9332,2019-01-31T13:45:08.093000Z
1.14921,1.14925,2099999.9046,3450000.0477,2019-01-31T13:45:08.223000Z
1.1492,1.14921,1120000.0048,2250000.0,2019-01-31T13:45:08.376000Z
1.14917,1.1492,3039999.9619,1000000.0,2019-01-31T13:45:08.479000Z
1.14917,1.14921,1690000.0572,5139999.8665,2019-01-31T13:45:08.530000Z
1.14918,1.14921,1750000.0,5320000.1717,2019-01-31T13:45:08.582000Z
1.14918,1.1492200000000001,3849999.9046,2140000.1049,2019-01-31T13:45:08.705000Z
1.14918,1.1492200000000001,2849999.9046,1759999.9905,2019-01-31T13:45:08.960000Z
1.14919,1.14923,3369999.8856,3450000.0477,2019-01-31T13:45:10.359000Z
1.1492,1.14923,3119999.8856,1309999.9428,2019-01-31T13:45:10.466000Z
1.1492200000000001,1.14924,1000000.0,1870000.0048,2019-01-31T13:45:10.568000Z
1.1492,1.14924,6039999.9619,1120000.0048,2019-01-31T13:45:11.087000Z
1.1492,1.1492200000000001,1570000.0525,1500000.0,2019-01-31T13:45:11.241000Z
1.14919,1.14923,2069999.9332,1389999.9857,2019-01-31T13:45:11.409000Z
1.14919,1.14923,1200000.0477,1389999.9857,2019-01-31T13:45:11.613000Z
1.14919,1.1492200000000001,1200000.0477,1120000.0048,2019-01-31T13:45:11.716000Z
1.14918,1.14923,3970000.0286,7800000.1907,2019-01-31T13:45:12.325000Z
1.14918,1.14921,1000000.0,1620000.0048,2019-01-31T13:45:12.427000Z
1.14917,1.14921,3000000.0,6690000.0572,2019-01-31T13:45:12.731000Z
1.1491600000000002,1.1492,6219999.7902,2250000.0,2019-01-31T13:45:13.639000Z
1.14917,1.1492,1000000.0,2440000.0572,2019-01-31T13:45:14.437000Z
1.14918,1.1492,1309999.9428,1000000.0,2019-01-31T13:45:14.895000Z
1.14919,1.1492200000000001,1000000.0,1600000.0238,2019-01-31T13:45:14.997000Z
1.14918,1.1492200000000001,3220000.0286,1250000.0,2019-01-31T13:45:15.423000Z
1.1492,1.1492200000000001,1000000.0,1809999.9428,2019-01-31T13:45:15.525000Z
1.14918,1.14921,4349999.9046,1120000.0048,2019-01-31T13:45:15.627000Z
1.14917,1.14919,1389999.9857,1690000.0572,2019-01-31T13:45:15.729000Z
1.1491600000000002,1.14919,2440000.0572,1000000.0,2019-01-31T13:45:15.840000Z
1.1491600000000002,1.1492,2440000.0572,1500000.0,2019-01-31T13:45:15.942000Z
1.14917,1.1492,1000000.0,1120000.0048,2019-01-31T13:45:16.198000Z
1.1491600000000002,1.1492,4909999.8474,1120000.0048,2019-01-31T13:45:16.625000Z
1.1491600000000002,1.1492,6050000.1907,3190000.0572,2019-01-31T13:45:16.778000Z
1.1491600000000002,1.14919,1500000.0,1000000.0,2019-01-31T13:45:16.880000Z
1.14918,1.1492,1120000.0048,1570000.0525,2019-01-31T13:45:16.983000Z
1.14918,1.1492,1120000.0048,2569999.9332,2019-01-31T13:45:17.250000Z
1.14917,1.14919,1870000.0048,1250000.0,2019-01-31T13:45:17.354000Z
1.1491600000000002,1.14918,1120000.0048,4690000.0572,2019-01-31T13:45:17.458000Z
1.14913,1.14917,5619999.8856,4369999.8856,2019-01-31T13:45:17.561000Z
1.14913,1.1491600000000002,1500000.0,6610000.1335,2019-01-31T13:45:17.676000Z
1.14911,1.1491500000000001,5969999.7902,1250000.0,2019-01-31T13:45:17.778000Z
1.14911,1.1491500000000001,8409999.8474,1250000.0,2019-01-31T13:45:17.931000Z
1.14911,1.1491500000000001,7469999.7902,1250000.0,2019-01-31T13:45:18.033000Z
1.1491200000000001,1.1491600000000002,2619999.8856,3750000.0,2019-01-31T13:45:18.444000Z
1.1491200000000001,1.1491500000000001,3369999.8856,1000000.0,2019-01-31T13:45:18.546000Z
1.14913,1.1491600000000002,2619999.8856,7869999.8856,2019-01-31T13:45:18.648000Z
1.14913,1.1491600000000002,1000000.0,3140000.1049,2019-01-31T13:45:19.139000Z
1.1491200000000001,1.1491600000000002,3369999.8856,3140000.1049,2019-01-31T13:45:19.765000Z
1.1491200000000001,1.1491500000000001,4500000.0,1250000.0,2019-01-31T13:45:20.150000Z
1.1491200000000001,1.1491600000000002,4500000.0,4639999.8665,2019-01-31T13:45:20.251000Z
1.14914,1.1491600000000002,1000000.0,9140000.3433,2019-01-31T13:45:20.661000Z
1.14914,1.1491600000000002,1000000.0,9640000.3433,2019-01-31T13:45:21.143000Z
1.14914,1.1491600000000002,1000000.0,5760000.2289,2019-01-31T13:45:21.245000Z
1.14913,1.1491600000000002,2250000.0,10260000.2289,2019-01-31T13:45:21.878000Z
1.14914,1.1491600000000002,3000000.0,2250000.0,2019-01-31T13:45:22.403000Z
1.1491600000000002,1.14917,1000000.0,1500000.0,2019-01-31T13:45:22.505000Z
1.1491600000000002,1.14919,1000000.0,4500000.0,2019-01-31T13:45:22.608000Z
1.1491500000000001,1.14917,2619999.8856,1000000.0,2019-01-31T13:45:22.760000Z
1.14914,1.14917,4119999.8856,1000000.0,2019-01-31T13:45:22.913000Z
1.14914,1.1491600000000002,3369999.8856,1690000.0572,2019-01-31T13:45:23.016000Z
1.14914,1.1491500000000001,2250000.0,1000000.0,2019-01-31T13:45:23.426000Z
1.14914,1.1491600000000002,2250000.0,2440000.0572,2019-01-31T13:45:23.528000Z
1.14914,1.1491500000000001,2250000.0,1690000.0572,2019-01-31T13:45:24.159000Z
1.14914,1.1491600000000002,1870000.0048,3190000.0572,2019-01-31T13:45:25.031000Z
1.14913,1.1491600000000002,4119999.8856,2440000.0572,2019-01-31T13:45:25.133000Z
1.1491500000000001,1.14917,1500000.0,1000000.0,2019-01-31T13:45:25.311000Z
1.1491600000000002,1.14919,1000000.0,3000000.0,2019-01-31T13:45:25.468000Z
1.14918,1.1492,1000000.0,3640000.1049,2019-01-31T13:45:25.570000Z
1.14919,1.1492,1000000.0,1500000.0,2019-01-31T13:45:26.117000Z
1.14919,1.14921,1000000.0,4199999.8093,2019-01-31T13:45:26.786000Z
1.1492,1.1492200000000001,1500000.0,4869999.8856,2019-01-31T13:45:26.889000Z
1.14919,1.1492200000000001,1870000.0048,1870000.0048,2019-01-31T13:45:26.991000Z
1.14917,1.1492,5320000.1717,1000000.0,2019-01-31T13:45:27.093000Z
1.1491500000000001,1.14918,7250000.0,1870000.0048,2019-01-31T13:45:27.285000Z
1.1491500000000001,1.14918,5250000.0,1690000.0572,2019-01-31T13:45:27.387000Z
1.1491500000000001,1.14918,4869999.8856,2119999.8856,2019-01-31T13:45:27.780000Z
1.1491500000000001,1.14918,4869999.8856,2059999.9428,2019-01-31T13:45:27.882000Z
1.1491600000000002,1.14919,1000000.0,7690000.0572,2019-01-31T13:45:27.990000Z
1.1491600000000002,1.14919,1000000.0,6190000.0572,2019-01-31T13:45:28.092000Z
1.1491600000000002,1.1492,3039999.9619,4690000.0572,2019-01-31T13:45:28.195000Z
1.1491600000000002,1.1492,5940000.0572,1250000.0,2019-01-31T13:45:28.343000Z
1.1491600000000002,1.1492,2809999.9428,1120000.0048,2019-01-31T13:45:28.445000Z
1.14917,1.1492,1000000.0,1120000.0048,2019-01-31T13:45:28.622000Z
1.14918,1.1492,1120000.0048,1120000.0048,2019-01-31T13:45:29.411000Z
1.14917,1.1492,1870000.0048,1120000.0048,2019-01-31T13:45:29.573000Z
1.14918,1.1492,1000000.0,1120000.0048,2019-01-31T13:45:29.842000Z
1.14918,1.1492,1000000.0,4940000.0572,2019-01-31T13:45:31.713000Z
1.14917,1.1492,1500000.0,3440000.0572,2019-01-31T13:45:31.815000Z
1.14918,1.14919,1000000.0,1250000.0,2019-01-31T13:45:32.019000Z
1.14918,1.1492,1000000.0,5440000.0572,2019-01-31T13:45:32.616000Z
1.14918,1.1492,1000000.0,5690000.0572,2019-01-31T13:45:32.962000Z
1.14917,1.1492,4119999.8856,8689999.5804,2019-01-31T13:45:33.369000Z
1.14918,1.1492,1000000.0,3000000.0,2019-01-31T13:45:33.582000Z
1.14918,1.14921,1000000.0,1690000.0572,2019-01-31T13:45:33.738000Z
1.14917,1.14921,3220000.0286,1250000.0,2019-01-31T13:45:33.976000Z
1.14917,1.1492,3000000.0,1000000.0,2019-01-31T13:45:34.282000Z
1.14917,1.14919,2250000.0,1000000.0,2019-01-31T13:45:34.486000Z
1.14917,1.14921,2250000.0,3140000.1049,2019-01-31T13:45:34.767000Z
1.14917,1.14921,4500000.0,3190000.0572,2019-01-31T13:45:34.971000Z
1.14918,1.14921,1870000.0048,2440000.0572,2019-01-31T13:45:35.073000Z
1.14918,1.1492,1870000.0048,1000000.0,2019-01-31T13:45:35.277000Z
1.1492,1.1492200000000001,1000000.0,1309999.9428,2019-01-31T13:45:35.441000Z
1.14921,1.14923,1120000.0048,1870000.0048,2019-01-31T13:45:35.543000Z
1.14923,1.14925,1000000.0,1200000.0477,2019-01-31T13:45:35.645000Z
1.14923,1.1492600000000002,1000000.0,7309999.9428,2019-01-31T13:45:35.748000Z
1.1492200000000001,1.14925,5099999.9046,1309999.9428,2019-01-31T13:45:35.866000Z
1.1492200000000001,1.1492600000000002,9409999.8474,7500000.0,2019-01-31T13:45:35.968000Z
1.14923,1.14925,1120000.0048,1120000.0048,2019-01-31T13:45:36.141000Z
1.14923,1.14925,1000000.0,2500000.0,2019-01-31T13:45:36.706000Z
1.1492200000000001,1.14925,4869999.8856,1250000.0,2019-01-31T13:45:37.062000Z
1.1492200000000001,1.1492600000000002,6559999.9428,7000000.0,2019-01-31T13:45:37.323000Z
1.14923,1.1492600000000002,1120000.0048,5059999.9428,2019-01-31T13:45:37.425000Z
1.14925,1.1492600000000002,1690000.0572,1500000.0,2019-01-31T13:45:37.528000Z
1.1492600000000002,1.1493,4719999.7902,3000000.0,2019-01-31T13:45:37.630000Z
1.1492700000000002,1.1493,1000000.0,1250000.0,2019-01-31T13:45:37.750000Z
1.1492700000000002,1.1493,1000000.0,3250000.0,2019-01-31T13:45:37.853000Z
1.1492700000000002,1.1493,1000000.0,1250000.0,2019-01-31T13:45:38.442000Z
1.1492600000000002,1.1493,4500000.0,2440000.0572,2019-01-31T13:45:39.457000Z
1.1492700000000002,1.1493,2250000.0,2869999.8856,2019-01-31T13:45:39.559000Z
1.1492700000000002,1.1493,1000000.0,2809999.9428,2019-01-31T13:45:39.661000Z
1.14928,1.1493,1000000.0,1309999.9428,2019-01-31T13:45:39.763000Z
1.14928,1.1493,1000000.0,4369999.8856,2019-01-31T13:45:39.966000Z
1.1492700000000002,1.1493,1500000.0,1309999.9428,2019-01-31T13:45:40.068000Z
1.1492700000000002,1.1493,1500000.0,2869999.8856,2019-01-31T13:45:40.294000Z
1.1492700000000002,1.1493,1500000.0,1309999.9428,2019-01-31T13:45:40.505000Z
1.1492700000000002,1.14928,1000000.0,1000000.0,2019-01-31T13:45:40.735000Z
1.14925,1.1492600000000002,1200000.0477,3000000.0,2019-01-31T13:45:40.845000Z
1.14923,1.14925,1500000.0,1690000.0572,2019-01-31T13:45:40.897000Z
1.14923,1.14924,1000000.0,1000000.0,2019-01-31T13:45:41.158000Z
1.14923,1.1492600000000002,1870000.0048,5500000.0,2019-01-31T13:45:41.312000Z
1.14923,1.1492600000000002,1000000.0,4309999.9428,2019-01-31T13:45:41.684000Z
1.1492200000000001,1.1492600000000002,3970000.0286,4949999.8093,2019-01-31T13:45:42.092000Z
1.1492200000000001,1.14925,2470000.0286,1250000.0,2019-01-31T13:45:42.143000Z
1.1492200000000001,1.14925,1870000.0048,1120000.0048,2019-01-31T13:45:42.246000Z
1.1492200000000001,1.14925,1870000.0048,4940000.0572,2019-01-31T13:45:42.354000Z
1.1492200000000001,1.14925,1870000.0048,1120000.0048,2019-01-31T13:45:42.456000Z
1.14921,1.14925,4690000.0572,1120000.0048,2019-01-31T13:45:43.088000Z
1.14921,1.14923,5059999.9428,1000000.0,2019-01-31T13:45:43.191000Z
1.1492200000000001,1.14923,1120000.0048,1000000.0,2019-01-31T13:45:43.293000Z
1.14921,1.14924,2619999.8856,3369999.8856,2019-01-31T13:45:43.395000Z
1.1492,1.1492200000000001,1870000.0048,1750000.0,2019-01-31T13:45:44.617000Z
1.14919,1.1492,1500000.0,1250000.0,2019-01-31T13:45:44.719000Z
1.14918,1.1492,1000000.0,1690000.0572,2019-01-31T13:45:45.117000Z
1.14918,1.1492,1000000.0,2690000.0572,2019-01-31T13:45:45.358000Z
1.14918,1.1492,1000000.0,1870000.0048,2019-01-31T13:45:45.474000Z
1.14917,1.1492,2619999.8856,1870000.0048,2019-01-31T13:45:45.642000Z
1.14918,1.1492,1120000.0048,2250000.0,2019-01-31T13:45:46.209000Z
1.14917,1.1492,2619999.8856,2690000.0572,2019-01-31T13:45:46.311000Z
1.14917,1.1492,2619999.8856,3369999.8856,2019-01-31T13:45:46.413000Z
1.14917,1.1492,2619999.8856,4190000.0572,2019-01-31T13:45:46.515000Z
1.1491500000000001,1.1491600000000002,1200000.0477,1500000.0,2019-01-31T13:45:47.244000Z
1.14914,1.1491500000000001,1000000.0,1870000.0048,2019-01-31T13:45:47.391000Z
1.14913,1.1491500000000001,1500000.0,1500000.0,2019-01-31T13:45:47.442000Z
1.14911,1.1491500000000001,6000000.0,5059999.9428,2019-01-31T13:45:47.698000Z
1.14911,1.14914,2619999.8856,1250000.0,2019-01-31T13:45:47.853000Z
1.14911,1.1491500000000001,3369999.8856,5889999.8665,2019-01-31T13:45:47.956000Z
1.1491200000000001,1.1491500000000001,1000000.0,2440000.0572,2019-01-31T13:45:49.238000Z
1.14913,1.1491500000000001,1120000.0048,3000000.0,2019-01-31T13:45:49.443000Z
1.1491200000000001,1.1491500000000001,2619999.8856,3000000.0,2019-01-31T13:45:49.546000Z
1.14911,1.1491500000000001,11810000.4196,8119999.8856,2019-01-31T13:45:49.954000Z
1.14911,1.1491500000000001,9369999.8856,7309999.9428,2019-01-31T13:45:50.058000Z
1.14911,1.14913,4869999.8856,1120000.0048,2019-01-31T13:45:50.366000Z
1.1491,1.1491200000000001,2619999.8856,1000000.0,2019-01-31T13:45:50.469000Z
1.14909,1.14911,1120000.0048,1000000.0,2019-01-31T13:45:50.572000Z
1.14907,1.1491,5250000.0,1500000.0,2019-01-31T13:45:50.674000Z
1.14907,1.14911,5619999.8856,4949999.8093,2019-01-31T13:45:50.789000Z
1.1490799999999999,1.14911,1870000.0048,3000000.0,2019-01-31T13:45:51.147000Z
1.14907,1.14909,3369999.8856,2059999.9428,2019-01-31T13:45:51.311000Z
1.1490600000000002,1.1491,3369999.8856,4070000.1717,2019-01-31T13:45:52.487000Z
1.1490600000000002,1.1491,3369999.8856,5510000.2289,2019-01-31T13:45:52.835000Z
1.1490600000000002,1.14909,3369999.8856,1500000.0,2019-01-31T13:45:52.990000Z
1.1490600000000002,1.1491,4119999.8856,4760000.2289,2019-01-31T13:45:53.114000Z
1.1490799999999999,1.1491,1000000.0,4760000.2289,2019-01-31T13:45:53.268000Z
1.1490799999999999,1.1491,1000000.0,3410000.0858,2019-01-31T13:45:53.473000Z
1.1490500000000001,1.14907,6369999.8856,1690000.0572,2019-01-31T13:45:54.033000Z
1.14904,1.1490500000000001,1000000.0,3000000.0,2019-01-31T13:45:54.136000Z
1.1490200000000002,1.1490600000000002,3369999.8856,5699999.8093,2019-01-31T13:45:54.238000Z
1.14903,1.1490600000000002,2440000.0572,5719999.7902,2019-01-31T13:45:54.374000Z
1.1490500000000001,1.14907,1500000.0,1100000.0238,2019-01-31T13:45:54.427000Z
1.1490600000000002,1.1490799999999999,1000000.0,1000000.0,2019-01-31T13:45:54.479000Z
1.1490799999999999,1.14909,1120000.0048,1100000.0238,2019-01-31T13:45:54.582000Z
1.1490799999999999,1.1491,1500000.0,3190000.0572,2019-01-31T13:45:54.731000Z
1.1490799999999999,1.14909,1000000.0,1000000.0,2019-01-31T13:45:55.303000Z
1.14907,1.14909,3750000.0,1000000.0,2019-01-31T13:45:55.427000Z
1.1490600000000002,1.1490799999999999,1000000.0,1500000.0,2019-01-31T13:45:55.582000Z
1.1490600000000002,1.1490799999999999,1000000.0,3569999.9332,2019-01-31T13:45:55.684000Z
1.1490500000000001,1.14907,1500000.0,1500000.0,2019-01-31T13:45:55.803000Z
1.1490500000000001,1.1490799999999999,1000000.0,4949999.8093,2019-01-31T13:45:55.905000Z
1.1490500000000001,1.14907,1500000.0,1870000.0048,2019-01-31T13:45:56.122000Z
1.1490500000000001,1.1490799999999999,1000000.0,5699999.8093,2019-01-31T13:45:56.224000Z
1.1490500000000001,1.1490600000000002,1000000.0,1500000.0,2019-01-31T13:45:56.371000Z
1.14903,1.1490500000000001,3750000.0,1000000.0,2019-01-31T13:45:56.475000Z
1.14904,1.1490600000000002,1120000.0048,3000000.0,2019-01-31T13:45:56.577000Z
1.14903,1.1490500000000001,3750000.0,1000000.0,2019-01-31T13:45:56.681000Z
1.14903,1.1490600000000002,3369999.8856,10010000.2289,2019-01-31T13:45:57.135000Z
1.14903,1.1490500000000001,2250000.0,1000000.0,2019-01-31T13:45:57.237000Z
1.14901,1.1490500000000001,3369999.8856,1500000.0,2019-01-31T13:45:57.350000Z
1.1490200000000002,1.1490500000000001,1120000.0048,5139999.8665,2019-01-31T13:45:57.452000Z
1.1490200000000002,1.14904,1870000.0048,1000000.0,2019-01-31T13:45:57.807000Z
1.1490200000000002,1.1490500000000001,1870000.0048,1950000.0477,2019-01-31T13:45:57.919000Z
1.1490200000000002,1.1490500000000001,1870000.0048,2069999.9332,2019-01-31T13:45:58.023000Z
1.14903,1.1490500000000001,1120000.0048,3569999.9332,2019-01-31T13:45:58.280000Z
1.1490200000000002,1.14904,1870000.0048,1100000.0238,2019-01-31T13:45:58.384000Z
1.14901,1.14903,1120000.0048,3559999.9428,2019-01-31T13:45:58.537000Z
1.14899,1.1490200000000002,4500000.0,1000000.0,2019-01-31T13:45:58.642000Z
1.14901,1.1490200000000002,1000000.0,1000000.0,2019-01-31T13:45:58.694000Z
1.1490200000000002,1.14904,2250000.0,2250000.0,2019-01-31T13:45:58.796000Z
1.14901,1.14903,3750000.0,1000000.0,2019-01-31T13:45:58.898000Z
1.149,1.14903,1500000.0,1500000.0,2019-01-31T13:45:59.248000Z
1.14899,1.14901,3369999.8856,5619999.8856,2019-01-31T13:45:59.350000Z
1.14896,1.14898,7130000.1144,1000000.0,2019-01-31T13:45:59.453000Z
1.1489500000000001,1.14896,1879999.9952,1000000.0,2019-01-31T13:45:59.586000Z
1.14894,1.14896,1129999.9952,3069999.9332,2019-01-31T13:45:59.688000Z
1.14893,1.1489500000000001,4500000.0,1000000.0,2019-01-31T13:45:59.790000Z
1.14893,1.14896,1000000.0,8140000.3433,2019-01-31T13:46:00.151000Z
1.14893,1.1489500000000001,1000000.0,2619999.8856,2019-01-31T13:46:00.254000Z
1.1489200000000002,1.1489500000000001,1000000.0,3099999.9046,2019-01-31T13:46:00.356000Z
1.1489200000000002,1.1489500000000001,1000000.0,2319999.9332,2019-01-31T13:46:00.612000Z
1.1489,1.14893,2619999.8856,1000000.0,2019-01-31T13:46:00.766000Z
1.1489,1.1489200000000002,1000000.0,1690000.0572,2019-01-31T13:46:00.869000Z
1.14889,1.14891,1000000.0,2250000.0,2019-01-31T13:46:00.980000Z
1.14887,1.14891,3369999.8856,9560000.4196,2019-01-31T13:46:01.032000Z
1.14888,1.14889,1129999.9952,1500000.0,2019-01-31T13:46:01.134000Z
1.14886,1.14888,1500000.0,1870000.0048,2019-01-31T13:46:01.237000Z
1.1488500000000001,1.14887,3380000.1144,1000000.0,2019-01-31T13:46:01.371000Z
1.14884,1.1488500000000001,2250000.0,2250000.0,2019-01-31T13:46:01.626000Z
1.1488200000000002,1.1488500000000001,4500000.0,3500000.0,2019-01-31T13:46:01.677000Z
1.1488200000000002,1.1488500000000001,3000000.0,3069999.9332,2019-01-31T13:46:01.835000Z
1.14883,1.1488500000000001,2500000.0,3819999.9332,2019-01-31T13:46:01.937000Z
1.14883,1.1488500000000001,2250000.0,1700000.0477,2019-01-31T13:46:02.091000Z
1.14883,1.1488500000000001,2500000.0,4570000.1717,2019-01-31T13:46:02.193000Z
1.14884,1.1488500000000001,2250000.0,1570000.0525,2019-01-31T13:46:02.359000Z
1.1488500000000001,1.14887,3190000.0572,3819999.9332,2019-01-31T13:46:02.463000Z
1.1488500000000001,1.14889,4309999.9428,2890000.1049,2019-01-31T13:46:02.779000Z
1.1488500000000001,1.14888,4309999.9428,1000000.0,2019-01-31T13:46:02.882000Z
1.14884,1.1488500000000001,2250000.0,1500000.0,2019-01-31T13:46:02.984000Z
1.14883,1.1488500000000001,3750000.0,2250000.0,2019-01-31T13:46:03.086000Z
1.14883,1.14886,2619999.8856,3819999.9332,2019-01-31T13:46:03.197000Z
1.14883,1.14886,2619999.8856,3950000.0477,2019-01-31T13:46:03.300000Z
1.14883,1.14884,1000000.0,1000000.0,2019-01-31T13:46:03.798000Z
1.14883,1.1488500000000001,1000000.0,1000000.0,2019-01-31T13:46:04.013000Z
1.14883,1.14884,2250000.0,1000000.0,2019-01-31T13:46:04.269000Z
1.1488200000000002,1.14883,2250000.0,1000000.0,2019-01-31T13:46:04.700000Z
1.14879,1.1488200000000002,3369999.8856,7500000.0,2019-01-31T13:46:04.804000Z
1.14877,1.1488,3000000.0,2250000.0,2019-01-31T13:46:04.957000Z
1.14876,1.14879,4119999.8856,1500000.0,2019-01-31T13:46:05.060000Z
1.14876,1.1488,3190000.0572,1950000.0477,2019-01-31T13:46:05.162000Z
1.14876,1.1488,3940000.0572,1600000.0238,2019-01-31T13:46:05.264000Z
1.14878,1.1488,1000000.0,3000000.0,2019-01-31T13:46:05.315000Z
1.14876,1.1488,2440000.0572,1500000.0,2019-01-31T13:46:05.490000Z
1.14877,1.1488,1000000.0,2819999.9332,2019-01-31T13:46:05.592000Z
1.14876,1.1488,3190000.0572,2319999.9332,2019-01-31T13:46:05.694000Z
1.14878,1.1488,1000000.0,1100000.0238,2019-01-31T13:46:05.898000Z
1.14878,1.14879,1120000.0048,1000000.0,2019-01-31T13:46:06.278000Z
1.14878,1.1488,1870000.0048,1870000.0048,2019-01-31T13:46:06.433000Z
1.14879,1.14881,1690000.0572,1950000.0477,2019-01-31T13:46:06.536000Z
1.14878,1.1488,1000000.0,1200000.0477,2019-01-31T13:46:06.713000Z
1.14879,1.1488,1000000.0,1000000.0,2019-01-31T13:46:06.867000Z
1.14878,1.1488200000000002,1500000.0,1600000.0238,2019-01-31T13:46:06.970000Z
1.14877,1.1488,1200000.0477,2500000.0,2019-01-31T13:46:07.086000Z
1.14876,1.1488,2619999.8856,1250000.0,2019-01-31T13:46:07.188000Z
1.14876,1.14881,1870000.0048,7199999.8093,2019-01-31T13:46:07.290000Z
1.14876,1.1488,1120000.0048,1250000.0,2019-01-31T13:46:07.393000Z
1.14876,1.14881,1120000.0048,6449999.8093,2019-01-31T13:46:07.660000Z
1.14876,1.1488,1120000.0048,1000000.0,2019-01-31T13:46:07.763000Z
1.14876,1.14881,1120000.0048,6449999.8093,2019-01-31T13:46:07.865000Z
1.14876,1.1488,3000000.0,1250000.0,2019-01-31T13:46:08.068000Z
1.14876,1.14881,5250000.0,6449999.8093,2019-01-31T13:46:08.824000Z
1.14877,1.1488,1000000.0,1000000.0,2019-01-31T13:46:08.977000Z
1.14877,1.14881,1120000.0048,9819999.6948,2019-01-31T13:46:09.684000Z
1.14876,1.1488,3500000.0,1500000.0,2019-01-31T13:46:09.983000Z
1.14876,1.14881,3000000.0,7949999.8093,2019-01-31T13:46:10.127000Z
1.14876,1.1488,3000000.0,1000000.0,2019-01-31T13:46:10.604000Z
1.14876,1.14881,3000000.0,7389999.8665,2019-01-31T13:46:10.911000Z
1.14876,1.1488,3000000.0,1600000.0238,2019-01-31T13:46:11.023000Z
1.14876,1.1488,3000000.0,1000000.0,2019-01-31T13:46:11.125000Z
1.14877,1.1488,1120000.0048,1120000.0048,2019-01-31T13:46:11.227000Z
1.14876,1.1488,3000000.0,1120000.0048,2019-01-31T13:46:11.547000Z
1.14877,1.14881,1000000.0,4909999.8474,2019-01-31T13:46:12.229000Z
1.1488,1.14881,1000000.0,2549999.9523,2019-01-31T13:46:12.585000Z
1.14881,1.14883,1000000.0,2000000.0,2019-01-31T13:46:12.700000Z
1.1488200000000002,1.1488500000000001,1500000.0,3450000.0477,2019-01-31T13:46:12.752000Z
1.1488200000000002,1.14887,5190000.0572,4820000.1717,2019-01-31T13:46:12.956000Z
1.14884,1.14888,1000000.0,9039999.9619,2019-01-31T13:46:13.058000Z
1.14884,1.14888,1000000.0,6260000.2289,2019-01-31T13:46:13.207000Z
1.14886,1.14888,1000000.0,4500000.0,2019-01-31T13:46:13.310000Z
1.14886,1.14889,1500000.0,3000000.0,2019-01-31T13:46:13.412000Z
1.14886,1.1489,1500000.0,2250000.0,2019-01-31T13:46:14.154000Z
1.14887,1.1489,1500000.0,1690000.0572,2019-01-31T13:46:14.256000Z
1.14888,1.1489,1000000.0,2250000.0,2019-01-31T13:46:14.358000Z
1.14888,1.1489200000000002,1120000.0048,14890000.3433,2019-01-31T13:46:14.461000Z
1.14887,1.14889,1000000.0,1500000.0,2019-01-31T13:46:14.513000Z
1.14886,1.14889,1500000.0,2140000.1049,2019-01-31T13:46:14.564000Z
1.1488500000000001,1.14889,5510000.2289,1759999.9905,2019-01-31T13:46:14.684000Z
1.1488500000000001,1.14889,5940000.0572,1690000.0572,2019-01-31T13:46:14.786000Z
1.1488500000000001,1.14888,4139999.8665,1000000.0,2019-01-31T13:46:15.204000Z
1.1488500000000001,1.14888,3190000.0572,1500000.0,2019-01-31T13:46:15.308000Z
1.1488500000000001,1.14889,3940000.0572,1690000.0572,2019-01-31T13:46:15.410000Z
1.14886,1.1489,1000000.0,8949999.8093,2019-01-31T13:46:15.872000Z
1.14887,1.1489,1500000.0,3000000.0,2019-01-31T13:46:16.342000Z
1.14886,1.14889,2250000.0,1000000.0,2019-01-31T13:46:16.593000Z
1.14886,1.1489,2250000.0,1870000.0048,2019-01-31T13:46:16.695000Z
1.1488500000000001,1.1489,3940000.0572,5010000.2289,2019-01-31T13:46:16.797000Z
1.14887,1.1489,1000000.0,3819999.9332,2019-01-31T13:46:17.157000Z
1.14887,1.14889,1000000.0,1000000.0,2019-01-31T13:46:17.361000Z
1.14887,1.1489,1000000.0,3819999.9332,2019-01-31T13:46:17.484000Z
1.14886,1.1489,3190000.0572,1200000.0477,2019-01-31T13:46:18.482000Z
1.14886,1.14889,1120000.0048,1000000.0,2019-01-31T13:46:18.687000Z
1.14884,1.14888,5119999.8856,1500000.0,2019-01-31T13:46:18.940000Z
1.14884,1.14888,2440000.0572,2250000.0,2019-01-31T13:46:19.042000Z
1.14886,1.14888,1870000.0048,1870000.0048,2019-01-31T13:46:19.144000Z
1.1488500000000001,1.1489,4809999.9428,6949999.8093,2019-01-31T13:46:19.247000Z
1.14886,1.1489,3940000.0572,1120000.0048,2019-01-31T13:46:19.394000Z
1.14886,1.14891,1500000.0,7010000.2289,2019-01-31T13:46:19.599000Z
1.14886,1.14891,3000000.0,5639999.8665,2019-01-31T13:46:19.701000Z
1.14887,1.1489,1500000.0,1950000.0477,2019-01-31T13:46:19.854000Z
1.14886,1.14891,7119999.8856,4010000.2289,2019-01-31T13:46:20.003000Z
1.14886,1.14891,6820000.1717,4909999.8474,2019-01-31T13:46:20.208000Z
1.14887,1.14891,1000000.0,6010000.2289,2019-01-31T13:46:20.312000Z
1.14887,1.14891,1120000.0048,4760000.2289,2019-01-31T13:46:20.547000Z
1.14887,1.14891,1000000.0,7639999.8665,2019-01-31T13:46:20.649000Z
1.14886,1.14891,5250000.0,4570000.1717,2019-01-31T13:46:20.751000Z
1.14886,1.14891,6119999.8856,4570000.1717,2019-01-31T13:46:20.854000Z
1.14886,1.1489,6750000.0,1620000.0048,2019-01-31T13:46:20.956000Z
1.14886,1.1489,3750000.0,1000000.0,2019-01-31T13:46:21.058000Z
1.14887,1.1489,1000000.0,2000000.0,2019-01-31T13:46:21.161000Z
1.14887,1.14891,1000000.0,9260000.2289,2019-01-31T13:46:21.271000Z
1.14886,1.1489,5059999.9428,1120000.0048,2019-01-31T13:46:21.374000Z
1.14886,1.14891,2440000.0572,3450000.0477,2019-01-31T13:46:23.932000Z
1.14887,1.1489200000000002,3410000.0858,3599999.9046,2019-01-31T13:46:24.299000Z
1.14891,1.14894,3750000.0,7389999.8665,2019-01-31T13:46:24.415000Z
1.14893,1.1489500000000001,2250000.0,1600000.0238,2019-01-31T13:46:24.518000Z
1.1489500000000001,1.14898,1000000.0,1500000.0,2019-01-31T13:46:24.620000Z
1.1489500000000001,1.14899,2619999.8856,1500000.0,2019-01-31T13:46:24.784000Z
1.14896,1.14899,1000000.0,1200000.0477,2019-01-31T13:46:24.888000Z
1.14897,1.14899,1500000.0,1120000.0048,2019-01-31T13:46:24.991000Z
1.14896,1.149,2890000.1049,1600000.0238,2019-01-31T13:46:25.093000Z
1.14896,1.149,2250000.0,2440000.0572,2019-01-31T13:46:25.195000Z
1.14896,1.149,2440000.0572,3619999.8856,2019-01-31T13:46:25.468000Z
1.14896,1.149,3940000.0572,1250000.0,2019-01-31T13:46:25.570000Z
1.14896,1.14899,2250000.0,1000000.0,2019-01-31T13:46:25.673000Z
1.14896,1.149,2250000.0,1500000.0,2019-01-31T13:46:26.509000Z
1.14896,1.149,2250000.0,1000000.0,2019-01-31T13:46:27.150000Z
1.14896,1.149,3000000.0,4119999.8856,2019-01-31T13:46:27.270000Z
1.14896,1.14901,2250000.0,11550000.1907,2019-01-31T13:46:27.373000Z
1.14896,1.149,1500000.0,1000000.0,2019-01-31T13:46:27.475000Z
1.14896,1.14899,2250000.0,1250000.0,2019-01-31T13:46:27.678000Z
1.14896,1.149,2619999.8856,5059999.9428,2019-01-31T13:46:28.171000Z
1.14898,1.14901,1000000.0,2319999.9332,2019-01-31T13:46:28.814000Z
1.149,1.14901,2440000.0572,1120000.0048,2019-01-31T13:46:28.916000Z
1.14899,1.1490200000000002,1690000.0572,1250000.0,2019-01-31T13:46:29.019000Z
1.14897,1.14899,1120000.0048,1000000.0,2019-01-31T13:46:29.122000Z
1.14896,1.14901,6869999.8856,5820000.1717,2019-01-31T13:46:29.943000Z
1.14897,1.14898,1500000.0,1000000.0,2019-01-31T13:46:34.613000Z
1.14893,1.14896,5440000.0572,4349999.9046,2019-01-31T13:46:34.717000Z
1.14893,1.1489500000000001,1690000.0572,1200000.0477,2019-01-31T13:46:34.819000Z
1.14893,1.14897,2440000.0572,1889999.9857,2019-01-31T13:46:34.946000Z
1.1489500000000001,1.14897,1000000.0,3190000.0572,2019-01-31T13:46:35.151000Z
1.1489500000000001,1.14898,1500000.0,4760000.2289,2019-01-31T13:46:35.828000Z
1.1489500000000001,1.14898,1500000.0,3569999.9332,2019-01-31T13:46:36.458000Z
1.14897,1.14899,4869999.8856,1100000.0238,2019-01-31T13:46:36.560000Z
1.14898,1.149,1500000.0,1000000.0,2019-01-31T13:46:36.612000Z
1.14898,1.14901,1500000.0,2059999.9428,2019-01-31T13:46:36.714000Z
1.149,1.1490200000000002,1120000.0048,7690000.0572,2019-01-31T13:46:36.873000Z
1.14897,1.1490200000000002,2819999.9332,8060000.4196,2019-01-31T13:46:36.926000Z
1.14896,1.14901,2440000.0572,2319999.9332,2019-01-31T13:46:37.029000Z
1.14896,1.14901,4389999.8665,7719999.7902,2019-01-31T13:46:37.182000Z
1.1489500000000001,1.149,3940000.0572,2440000.0572,2019-01-31T13:46:37.336000Z
1.1489500000000001,1.149,5750000.0,2140000.1049,2019-01-31T13:46:37.440000Z
1.14896,1.14899,2619999.8856,1000000.0,2019-01-31T13:46:37.543000Z
1.14896,1.14898,2250000.0,1000000.0,2019-01-31T13:46:37.854000Z
1.14894,1.14899,6559999.9428,7500000.0,2019-01-31T13:46:37.958000Z
1.14897,1.14899,1000000.0,4500000.0,2019-01-31T13:46:38.010000Z
1.14897,1.14898,1000000.0,1000000.0,2019-01-31T13:46:38.351000Z
1.14896,1.14898,1000000.0,1000000.0,2019-01-31T13:46:38.453000Z
1.14896,1.14899,1000000.0,3000000.0,2019-01-31T13:46:38.695000Z
1.14898,1.149,1870000.0048,1120000.0048,2019-01-31T13:46:38.798000Z
1.14898,1.14901,1000000.0,2890000.1049,2019-01-31T13:46:39.003000Z
1.14898,1.149,1000000.0,1250000.0,2019-01-31T13:46:39.534000Z
1.14898,1.14901,1000000.0,2309999.9428,2019-01-31T13:46:39.636000Z
1.14896,1.14898,1120000.0048,1250000.0,2019-01-31T13:46:39.789000Z
1.1489500000000001,1.14898,1120000.0048,1690000.0572,2019-01-31T13:46:39.891000Z
1.1489500000000001,1.14897,1000000.0,2440000.0572,2019-01-31T13:46:40.320000Z
1.14893,1.1489500000000001,1500000.0,1000000.0,2019-01-31T13:46:40.422000Z
1.14893,1.14896,1500000.0,4119999.8856,2019-01-31T13:46:40.524000Z
1.14893,1.1489500000000001,1500000.0,1250000.0,2019-01-31T13:46:40.652000Z
1.14893,1.14896,1500000.0,3750000.0,2019-01-31T13:46:40.755000Z
1.14893,1.1489500000000001,1000000.0,1000000.0,2019-01-31T13:46:41.173000Z
1.14893,1.14896,1000000.0,7199999.8093,2019-01-31T13:46:41.278000Z
1.1489200000000002,1.1489500000000001,1000000.0,1000000.0,2019-01-31T13:46:41.388000Z
1.1489200000000002,1.14896,1120000.0048,5889999.8665,2019-01-31T13:46:43.381000Z
1.1489,1.14894,6190000.0572,3849999.9046,2019-01-31T13:46:43.501000Z
1.14888,1.1489,1570000.0525,2940000.0572,2019-01-31T13:46:43.606000Z
1.14887,1.14889,1000000.0,4119999.8856,2019-01-31T13:46:43.659000Z
1.1488500000000001,1.14889,3500000.0,3500000.0,2019-01-31T13:46:43.763000Z
1.14884,1.14889,6820000.1717,4309999.9428,2019-01-31T13:46:43.814000Z
1.1488500000000001,1.14888,1000000.0,1500000.0,2019-01-31T13:46:43.970000Z
1.14884,1.14887,1000000.0,1500000.0,2019-01-31T13:46:44.225000Z
1.14883,1.14886,2250000.0,1950000.0477,2019-01-31T13:46:44.328000Z
1.14883,1.1488500000000001,2250000.0,1500000.0,2019-01-31T13:46:44.436000Z
1.14883,1.14886,2250000.0,2890000.1049,2019-01-31T13:46:44.539000Z
1.14883,1.1488500000000001,2250000.0,1000000.0,2019-01-31T13:46:44.642000Z
1.14884,1.14887,1690000.0572,1950000.0477,2019-01-31T13:46:44.744000Z
1.14884,1.14888,3190000.0572,1389999.9857,2019-01-31T13:46:44.862000Z
1.14884,1.14887,1309999.9428,1000000.0,2019-01-31T13:46:45.118000Z
1.14884,1.14888,2809999.9428,1100000.0238,2019-01-31T13:46:45.220000Z
1.1488500000000001,1.14888,1000000.0,1120000.0048,2019-01-31T13:46:45.360000Z
1.14884,1.14889,5250000.0,12390000.3433,2019-01-31T13:46:45.513000Z
1.14884,1.14888,6690000.0572,1120000.0048,2019-01-31T13:46:46.458000Z
1.14886,1.14889,1000000.0,4619999.8856,2019-01-31T13:46:46.561000Z
1.1488500000000001,1.14889,2619999.8856,7510000.2289,2019-01-31T13:46:46.663000Z
1.14884,1.14886,1500000.0,1870000.0048,2019-01-31T13:46:46.785000Z
1.14881,1.14886,5369999.8856,5440000.0572,2019-01-31T13:46:46.888000Z
1.14883,1.1488500000000001,1000000.0,1000000.0,2019-01-31T13:46:46.990000Z
1.14884,1.14887,1690000.0572,1120000.0048,2019-01-31T13:46:47.093000Z
1.14884,1.14888,3640000.1049,1120000.0048,2019-01-31T13:46:47.256000Z
1.14884,1.14889,4309999.9428,2250000.0,2019-01-31T13:46:47.358000Z
1.1488500000000001,1.14889,1000000.0,4349999.9046,2019-01-31T13:46:47.460000Z
1.1488500000000001,1.14889,1690000.0572,4500000.0,2019-01-31T13:46:47.664000Z
1.14884,1.14888,5059999.9428,1500000.0,2019-01-31T13:46:47.771000Z
1.14884,1.14888,9250000.0,1000000.0,2019-01-31T13:46:47.876000Z
1.1488500000000001,1.14889,1250000.0,4500000.0,2019-01-31T13:46:48.081000Z
1.1488500000000001,1.14888,2440000.0572,1500000.0,2019-01-31T13:46:48.302000Z
1.14886,1.14889,1000000.0,3750000.0,2019-01-31T13:46:48.418000Z
1.14886,1.14889,1250000.0,5000000.0,2019-01-31T13:46:48.928000Z
1.14883,1.14886,2700000.0477,4869999.8856,2019-01-31T13:46:49.035000Z
1.1488200000000002,1.1488500000000001,4309999.9428,2619999.8856,2019-01-31T13:46:49.138000Z
1.1488200000000002,1.14886,4619999.8856,5139999.8665,2019-01-31T13:46:49.739000Z
1.1488500000000001,1.14887,1000000.0,3069999.9332,2019-01-31T13:46:49.843000Z
1.1488500000000001,1.14888,3000000.0,1120000.0048,2019-01-31T13:46:50.014000Z
1.1488500000000001,1.14889,3000000.0,1500000.0,2019-01-31T13:46:50.116000Z
1.14886,1.1489,1120000.0048,12390000.3433,2019-01-31T13:46:50.219000Z
1.14886,1.1489,3000000.0,7690000.0572,2019-01-31T13:46:51.235000Z
1.1488500000000001,1.14889,6309999.9428,1500000.0,2019-01-31T13:46:52.054000Z
1.1488500000000001,1.1489,4619999.8856,3559999.9428,2019-01-31T13:46:53.106000Z
1.1488500000000001,1.14889,5369999.8856,1000000.0,2019-01-31T13:46:53.257000Z
1.14886,1.14888,1500000.0,1000000.0,2019-01-31T13:46:53.626000Z
1.14884,1.1488500000000001,4869999.8856,1389999.9857,2019-01-31T13:46:53.833000Z
1.14881,1.1488500000000001,8069999.6948,2700000.0477,2019-01-31T13:46:53.884000Z
1.14881,1.1488500000000001,3119999.8856,2099999.9046,2019-01-31T13:46:54.397000Z
1.14881,1.1488500000000001,3119999.8856,3000000.0,2019-01-31T13:46:54.652000Z
1.14881,1.14883,1370000.0048,1000000.0,2019-01-31T13:46:55.330000Z
1.14879,1.1488200000000002,5449999.8093,1000000.0,2019-01-31T13:46:55.382000Z
1.14879,1.1488200000000002,1000000.0,1000000.0,2019-01-31T13:46:55.534000Z
1.14879,1.14883,1870000.0048,3819999.9332,2019-01-31T13:46:55.979000Z
1.1488,1.14883,1120000.0048,6199999.8093,2019-01-31T13:46:56.114000Z
1.1488,1.14884,1690000.0572,3069999.9332,2019-01-31T13:46:56.217000Z
1.1488,1.1488200000000002,1120000.0048,1000000.0,2019-01-31T13:46:56.319000Z
1.1488,1.14883,1120000.0048,1870000.0048,2019-01-31T13:46:56.421000Z
1.1488,1.1488200000000002,3369999.8856,1000000.0,2019-01-31T13:46:56.523000Z
1.14879,1.14883,7690000.0572,1000000.0,2019-01-31T13:46:56.730000Z
1.1488,1.1488200000000002,1000000.0,1000000.0,2019-01-31T13:46:56.832000Z
1.1488,1.14883,1500000.0,1500000.0,2019-01-31T13:46:56.934000Z
1.1488,1.1488200000000002,1000000.0,1000000.0,2019-01-31T13:46:57.240000Z
1.1488,1.14883,1870000.0048,2319999.9332,2019-01-31T13:46:57.419000Z
1.1488,1.1488200000000002,1120000.0048,1000000.0,2019-01-31T13:46:58.518000Z
1.1488,1.14883,1120000.0048,1570000.0525,2019-01-31T13:46:58.892000Z
1.14879,1.14883,5059999.9428,1200000.0477,2019-01-31T13:46:59.146000Z
1.1488,1.1488200000000002,1120000.0048,1000000.0,2019-01-31T13:47:00.016000Z
1.1488,1.14883,1870000.0048,1120000.0048,2019-01-31T13:47:00.117000Z
1.14879,1.14883,3559999.9428,3369999.8856,2019-01-31T13:47:00.372000Z
1.14879,1.1488200000000002,5059999.9428,1000000.0,2019-01-31T13:47:00.474000Z
1.14879,1.14883,3559999.9428,3369999.8856,2019-01-31T13:47:00.770000Z
1.14879,1.1488200000000002,1500000.0,6750000.0,2019-01-31T13:47:01.471000Z
1.14877,1.14881,3940000.0572,2069999.9332,2019-01-31T13:47:01.573000Z
1.14877,1.14881,4500000.0,1120000.0048,2019-01-31T13:47:01.996000Z
1.14878,1.1488200000000002,1000000.0,14140000.3433,2019-01-31T13:47:02.098000Z
1.14878,1.14881,1000000.0,3000000.0,2019-01-31T13:47:02.200000Z
1.1488,1.14881,1120000.0048,1000000.0,2019-01-31T13:47:02.592000Z
1.1488200000000002,1.14884,1000000.0,1200000.0477,2019-01-31T13:47:02.695000Z
1.1488,1.14884,5059999.9428,1200000.0477,2019-01-31T13:47:02.746000Z
1.14881,1.14884,1000000.0,2250000.0,2019-01-31T13:47:02.848000Z
1.1488,1.14884,4309999.9428,1250000.0,2019-01-31T13:47:02.950000Z
1.1488,1.14884,5619999.8856,1370000.0048,2019-01-31T13:47:03.116000Z
1.1488,1.1488500000000001,4690000.0572,11319999.6948,2019-01-31T13:47:03.219000Z
1.1488,1.14883,2250000.0,1500000.0,2019-01-31T13:47:03.322000Z
1.1488,1.14883,2250000.0,4349999.9046,2019-01-31T13:47:03.426000Z
1.14881,1.14884,1000000.0,4389999.8665,2019-01-31T13:47:03.640000Z
1.1488200000000002,1.14886,1120000.0048,7510000.2289,2019-01-31T13:47:03.744000Z
1.1488200000000002,1.14884,1870000.0048,1000000.0,2019-01-31T13:47:03.846000Z
1.1488200000000002,1.1488500000000001,4719999.7902,1000000.0,2019-01-31T13:47:03.948000Z
1.1488200000000002,1.14886,4349999.9046,8250000.0,2019-01-31T13:47:04.055000Z
1.1488500000000001,1.14888,1000000.0,3599999.9046,2019-01-31T13:47:04.106000Z
1.1488500000000001,1.14888,1000000.0,1120000.0048,2019-01-31T13:47:04.212000Z
1.14883,1.1488500000000001,1720000.0286,1000000.0,2019-01-31T13:47:04.416000Z
1.1488200000000002,1.1488500000000001,1000000.0,2619999.8856,2019-01-31T13:47:04.524000Z
1.1488200000000002,1.14884,1120000.0048,1200000.0477,2019-01-31T13:47:04.627000Z
1.14881,1.1488500000000001,3190000.0572,3099999.9046,2019-01-31T13:47:04.731000Z
1.14881,1.1488500000000001,3369999.8856,2440000.0572,2019-01-31T13:47:04.917000Z
1.14884,1.14886,2440000.0572,2700000.0477,2019-01-31T13:47:05.075000Z
1.14886,1.14888,2470000.0286,1000000.0,2019-01-31T13:47:05.177000Z
1.14887,1.14889,1870000.0048,1000000.0,2019-01-31T13:47:05.312000Z
1.14887,1.1489,1120000.0048,1000000.0,2019-01-31T13:47:05.420000Z
1.14889,1.1489200000000002,8060000.4196,1950000.0477,2019-01-31T13:47:05.523000Z
1.1489,1.14894,1500000.0,7199999.8093,2019-01-31T13:47:05.627000Z
1.1489,1.14893,1870000.0048,5619999.8856,2019-01-31T13:47:05.753000Z
1.14889,1.1489200000000002,2250000.0,1000000.0,2019-01-31T13:47:06.009000Z
1.14891,1.14894,1000000.0,4199999.8093,2019-01-31T13:47:06.112000Z
1.14891,1.1489500000000001,2250000.0,2700000.0477,2019-01-31T13:47:06.232000Z
1.14891,1.14894,1000000.0,3750000.0,2019-01-31T13:47:06.334000Z
1.1489,1.14893,1120000.0048,6449999.8093,2019-01-31T13:47:06.436000Z
1.14889,1.14893,2809999.9428,2250000.0,2019-01-31T13:47:06.538000Z
1.1489,1.14893,1000000.0,1870000.0048,2019-01-31T13:47:06.689000Z
1.14888,1.1489200000000002,4059999.9428,1000000.0,2019-01-31T13:47:06.995000Z
1.14888,1.14891,2450000.0477,1000000.0,2019-01-31T13:47:07.109000Z
1.14888,1.1489,1500000.0,1000000.0,2019-01-31T13:47:07.211000Z
1.14887,1.14891,3500000.0,4500000.0,2019-01-31T13:47:07.313000Z
1.1489,1.1489200000000002,1000000.0,1120000.0048,2019-01-31T13:47:07.728000Z
1.1489,1.14893,1000000.0,3259999.9905,2019-01-31T13:47:07.881000Z
1.14889,1.1489,1500000.0,1000000.0,2019-01-31T13:47:08.233000Z
1.14887,1.1489,2619999.8856,1120000.0048,2019-01-31T13:47:08.387000Z
1.14888,1.1489,1000000.0,1000000.0,2019-01-31T13:47:08.765000Z
1.14888,1.14891,1000000.0,4389999.8665,2019-01-31T13:47:09.042000Z
1.14888,1.1489,1000000.0,1000000.0,2019-01-31T13:47:09.447000Z
1.14888,1.14889,1000000.0,1000000.0,2019-01-31T13:47:09.651000Z
1.14888,1.1489,1000000.0,1500000.0,2019-01-31T13:47:09.753000Z
1.14888,1.14891,5059999.9428,1690000.0572,2019-01-31T13:47:10.008000Z
1.14889,1.1489200000000002,1000000.0,2059999.9428,2019-01-31T13:47:10.111000Z
1.1489,1.14893,1500000.0,1500000.0,2019-01-31T13:47:10.215000Z
1.1489,1.1489200000000002,1500000.0,1500000.0,2019-01-31T13:47:10.499000Z
1.1489,1.14893,1500000.0,1120000.0048,2019-01-31T13:47:10.601000Z
1.14888,1.14889,1500000.0,1000000.0,2019-01-31T13:47:10.754000Z
1.14888,1.1489,1000000.0,2200000.0477,2019-01-31T13:47:10.860000Z
1.14886,1.1489,6070000.1717,1029999.9714,2019-01-31T13:47:10.911000Z
1.14887,1.1489,1000000.0,1200000.0477,2019-01-31T13:47:11.013000Z
1.14887,1.14888,1000000.0,1500000.0,2019-01-31T13:47:11.171000Z
1.14886,1.14889,4119999.8856,2250000.0,2019-01-31T13:47:11.275000Z
1.14887,1.14888,1000000.0,1500000.0,2019-01-31T13:47:11.378000Z
1.14886,1.14889,4869999.8856,1500000.0,2019-01-31T13:47:11.581000Z
1.14887,1.14889,1000000.0,2700000.0477,2019-01-31T13:47:12.044000Z
1.14887,1.14888,1000000.0,1000000.0,2019-01-31T13:47:12.146000Z
1.14887,1.14889,1000000.0,2440000.0572,2019-01-31T13:47:12.350000Z
1.14887,1.14888,1870000.0048,1000000.0,2019-01-31T13:47:13.222000Z
1.14887,1.14889,1000000.0,3940000.0572,2019-01-31T13:47:13.691000Z
1.14887,1.14888,1000000.0,1000000.0,2019-01-31T13:47:13.794000Z
1.14887,1.14889,1000000.0,3750000.0,2019-01-31T13:47:13.947000Z
1.14887,1.14888,1870000.0048,1000000.0,2019-01-31T13:47:14.362000Z
1.14886,1.14888,3369999.8856,1000000.0,2019-01-31T13:47:14.464000Z
1.14886,1.14889,4869999.8856,3369999.8856,2019-01-31T13:47:14.772000Z
1.14886,1.14888,1870000.0048,1120000.0048,2019-01-31T13:47:14.875000Z
1.1488500000000001,1.14888,3750000.0,1120000.0048,2019-01-31T13:47:15.069000Z
1.1488500000000001,1.14887,2619999.8856,1000000.0,2019-01-31T13:47:15.274000Z
1.1488500000000001,1.14886,1500000.0,1500000.0,2019-01-31T13:47:15.377000Z
1.14884,1.14886,2250000.0,2500000.0,2019-01-31T13:47:15.507000Z
1.14884,1.14887,3750000.0,2890000.1049,2019-01-31T13:47:15.558000Z
1.14884,1.14886,3559999.9428,1000000.0,2019-01-31T13:47:15.813000Z
1.14884,1.1488500000000001,1000000.0,3750000.0,2019-01-31T13:47:16.330000Z
1.1488200000000002,1.1488500000000001,4869999.8856,5250000.0,2019-01-31T13:47:16.381000Z
1.14883,1.1488500000000001,1120000.0048,6820000.1717,2019-01-31T13:47:16.484000Z
1.1488200000000002,1.1488500000000001,4119999.8856,1870000.0048,2019-01-31T13:47:16.587000Z
1.1488200000000002,1.14884,1500000.0,1500000.0,2019-01-31T13:47:17.400000Z
1.14883,1.14884,1000000.0,1870000.0048,2019-01-31T13:47:18.539000Z
1.1488200000000002,1.14884,1870000.0048,1000000.0,2019-01-31T13:47:19.057000Z
1.14881,1.14884,3750000.0,1250000.0,2019-01-31T13:47:19.979000Z
1.1488,1.1488200000000002,4510000.2289,1000000.0,2019-01-31T13:47:20.031000Z
1.1488,1.14881,1250000.0,1000000.0,2019-01-31T13:47:20.134000Z
1.14881,1.14884,2619999.8856,2319999.9332,2019-01-31T13:47:20.239000Z
1.1488200000000002,1.14884,1120000.0048,1000000.0,2019-01-31T13:47:20.342000Z
1.14881,1.14884,3069999.9332,1000000.0,2019-01-31T13:47:20.443000Z
1.14881,1.1488500000000001,2319999.9332,7610000.1335,2019-01-31T13:47:21.131000Z
1.14881,1.14884,3069999.9332,1000000.0,2019-01-31T13:47:21.234000Z
1.14881,1.1488500000000001,3069999.9332,5360000.1335,2019-01-31T13:47:23.069000Z
1.1488200000000002,1.1488500000000001,1120000.0048,7420000.0763,2019-01-31T13:47:23.172000Z
1.14881,1.1488500000000001,4570000.1717,4420000.0763,2019-01-31T13:47:23.546000Z
1.14881,1.1488500000000001,1200000.0477,4320000.1717,2019-01-31T13:47:25.594000Z
1.1488,1.14883,7349999.9046,1000000.0,2019-01-31T13:47:26.084000Z
1.14881,1.14884,3190000.0572,1200000.0477,2019-01-31T13:47:26.266000Z
1.1488200000000002,1.14884,1120000.0048,1000000.0,2019-01-31T13:47:27.651000Z
1.14881,1.14884,3369999.8856,1000000.0,2019-01-31T13:47:28.122000Z
1.1488,1.1488200000000002,1120000.0048,3369999.8856,2019-01-31T13:47:28.226000Z
1.14879,1.1488,1200000.0477,1000000.0,2019-01-31T13:47:28.329000Z
1.14879,1.14881,1500000.0,3069999.9332,2019-01-31T13:47:28.535000Z
1.1488,1.14883,1250000.0,4119999.8856,2019-01-31T13:47:28.663000Z
1.14879,1.14883,1500000.0,2059999.9428,2019-01-31T13:47:29.190000Z
1.14879,1.1488200000000002,3000000.0,1000000.0,2019-01-31T13:47:30.521000Z
1.14879,1.14883,1500000.0,1870000.0048,2019-01-31T13:47:30.634000Z
1.14879,1.1488200000000002,1500000.0,1000000.0,2019-01-31T13:47:31.482000Z
1.14878,1.14879,1000000.0,1250000.0,2019-01-31T13:47:31.585000Z
1.1487500000000002,1.14877,1200000.0477,2250000.0,2019-01-31T13:47:31.688000Z
1.14874,1.14876,1000000.0,5889999.8665,2019-01-31T13:47:31.740000Z
1.14873,1.14874,1000000.0,1000000.0,2019-01-31T13:47:31.834000Z
1.1487100000000001,1.14876,3940000.0572,10689999.5804,2019-01-31T13:47:31.885000Z
1.1487100000000001,1.14873,3940000.0572,1000000.0,2019-01-31T13:47:31.988000Z
1.1487100000000001,1.14874,3940000.0572,1000000.0,2019-01-31T13:47:32.141000Z
1.1487100000000001,1.1487500000000002,2059999.9428,6000000.0,2019-01-31T13:47:32.463000Z
1.1487100000000001,1.14873,4309999.9428,1000000.0,2019-01-31T13:47:32.616000Z
1.1487100000000001,1.14874,3369999.8856,3450000.0477,2019-01-31T13:47:32.927000Z
1.1487200000000002,1.14874,1000000.0,1500000.0,2019-01-31T13:47:33.029000Z
1.1487100000000001,1.14874,4199999.8093,1000000.0,2019-01-31T13:47:33.132000Z
1.1487100000000001,1.1487500000000002,3750000.0,1000000.0,2019-01-31T13:47:33.477000Z
1.1487100000000001,1.14876,4369999.8856,9050000.1907,2019-01-31T13:47:33.630000Z
1.14873,1.1487500000000002,4000000.0,1870000.0048,2019-01-31T13:47:33.732000Z
1.14876,1.14878,1000000.0,5250000.0,2019-01-31T13:47:33.881000Z
1.14876,1.14879,3000000.0,2700000.0477,2019-01-31T13:47:33.988000Z
1.14876,1.1488,2250000.0,3190000.0572,2019-01-31T13:47:34.404000Z
1.14876,1.1488,3000000.0,6500000.0,2019-01-31T13:47:34.610000Z
1.14877,1.1488,1000000.0,4250000.0,2019-01-31T13:47:34.996000Z
1.14876,1.1488,2619999.8856,3119999.8856,2019-01-31T13:47:35.098000Z
1.14877,1.14879,3619999.8856,1500000.0,2019-01-31T13:47:35.601000Z
1.1488,1.14883,1950000.0477,3500000.0,2019-01-31T13:47:35.728000Z
1.1488200000000002,1.14883,1000000.0,2250000.0,2019-01-31T13:47:35.830000Z
1.14881,1.1488200000000002,2250000.0,1000000.0,2019-01-31T13:47:36.137000Z
1.1488200000000002,1.14884,1000000.0,4719999.7902,2019-01-31T13:47:36.607000Z
1.1488200000000002,1.1488500000000001,1000000.0,1500000.0,2019-01-31T13:47:36.977000Z
1.1488200000000002,1.14884,1000000.0,1000000.0,2019-01-31T13:47:37.232000Z
1.1488200000000002,1.1488500000000001,1500000.0,3000000.0,2019-01-31T13:47:37.427000Z
1.1488200000000002,1.14884,5250000.0,1000000.0,2019-01-31T13:47:37.580000Z
1.1488200000000002,1.1488500000000001,2250000.0,2250000.0,2019-01-31T13:47:37.682000Z
1.14884,1.14886,1000000.0,3190000.0572,2019-01-31T13:47:37.734000Z
1.14884,1.1488500000000001,1000000.0,1500000.0,2019-01-31T13:47:37.868000Z
1.14884,1.14886,1000000.0,2809999.9428,2019-01-31T13:47:38.022000Z
1.14884,1.1488500000000001,1000000.0,1000000.0,2019-01-31T13:47:38.176000Z
1.14881,1.1488500000000001,7000000.0,2440000.0572,2019-01-31T13:47:38.278000Z
1.1488200000000002,1.1488500000000001,1120000.0048,7510000.2289,2019-01-31T13:47:38.415000Z
1.14881,1.1488500000000001,2809999.9428,3869999.8856,2019-01-31T13:47:38.517000Z
1.1488200000000002,1.1488500000000001,1000000.0,3869999.8856,2019-01-31T13:47:38.619000Z
1.14881,1.14884,3369999.8856,2619999.8856,2019-01-31T13:47:39.083000Z
1.14881,1.1488500000000001,2619999.8856,5059999.9428,2019-01-31T13:47:39.188000Z
1.1488200000000002,1.1488500000000001,1000000.0,4500000.0,2019-01-31T13:47:39.291000Z
1.14883,1.1488500000000001,2500000.0,4500000.0,2019-01-31T13:47:39.342000Z
1.14883,1.14884,2250000.0,1000000.0,2019-01-31T13:47:39.809000Z
1.1488200000000002,1.14884,2619999.8856,1000000.0,2019-01-31T13:47:40.059000Z
1.14884,1.1488500000000001,1000000.0,6750000.0,2019-01-31T13:47:41.222000Z
1.1488500000000001,1.14887,1000000.0,4949999.8093,2019-01-31T13:47:41.273000Z
1.14886,1.14887,1000000.0,1000000.0,2019-01-31T13:47:41.413000Z
1.14886,1.14888,1000000.0,3369999.8856,2019-01-31T13:47:41.921000Z
1.14886,1.14889,1000000.0,8140000.3433,2019-01-31T13:47:42.208000Z
1.14886,1.14889,1000000.0,10449999.8093,2019-01-31T13:47:42.594000Z
1.14886,1.14887,1000000.0,1000000.0,2019-01-31T13:47:43.049000Z
1.14889,1.1489,3039999.9619,3069999.9332,2019-01-31T13:47:44.021000Z
1.1489,1.14891,6000000.0,28870000.8392,2019-01-31T13:47:44.159000Z
1.14891,1.14894,2250000.0,4500000.0,2019-01-31T13:47:44.217000Z
1.14891,1.14893,1000000.0,1620000.0048,2019-01-31T13:47:44.320000Z
1.1489,1.14893,1000000.0,1620000.0048,2019-01-31T13:47:44.371000Z
1.14889,1.1489200000000002,3000000.0,1120000.0048,2019-01-31T13:47:44.631000Z
1.1489,1.1489200000000002,1000000.0,1000000.0,2019-01-31T13:47:44.937000Z
1.1489,1.14894,1690000.0572,3750000.0,2019-01-31T13:47:44.988000Z
1.14891,1.1489200000000002,1000000.0,1000000.0,2019-01-31T13:47:45.093000Z
1.1489,1.1489200000000002,1000000.0,1870000.0048,2019-01-31T13:47:45.196000Z
1.14889,1.14891,3369999.8856,1000000.0,2019-01-31T13:47:45.349000Z
1.14887,1.14888,1120000.0048,1000000.0,2019-01-31T13:47:45.400000Z
1.14886,1.14888,1000000.0,1000000.0,2019-01-31T13:47:45.547000Z
1.14887,1.14888,1250000.0,1000000.0,2019-01-31T13:47:45.751000Z
1.14886,1.1489,1500000.0,2809999.9428,2019-01-31T13:47:45.904000Z
1.14886,1.14889,2250000.0,1120000.0048,2019-01-31T13:47:46.060000Z
1.14886,1.14888,1000000.0,1120000.0048,2019-01-31T13:47:46.163000Z
1.14886,1.14889,1000000.0,5699999.8093,2019-01-31T13:47:47.081000Z
1.1488500000000001,1.14888,6570000.1717,1000000.0,2019-01-31T13:47:50.282000Z
1.1488500000000001,1.14889,4320000.1717,3369999.8856,2019-01-31T13:47:50.399000Z
1.14884,1.14886,3069999.9332,3750000.0,2019-01-31T13:47:50.622000Z
1.14883,1.1488500000000001,1200000.0477,1870000.0048,2019-01-31T13:47:50.726000Z
1.14883,1.1488500000000001,1000000.0,1000000.0,2019-01-31T13:47:50.837000Z
1.1488200000000002,1.14884,1120000.0048,2369999.8856,2019-01-31T13:47:50.990000Z
1.14883,1.1488500000000001,2250000.0,1000000.0,2019-01-31T13:47:51.042000Z
1.14883,1.14884,1000000.0,2250000.0,2019-01-31T13:47:51.144000Z
1.14883,1.1488500000000001,1000000.0,2250000.0,2019-01-31T13:47:51.297000Z
1.14883,1.14886,1000000.0,6000000.0,2019-01-31T13:47:51.399000Z
1.1488200000000002,1.14884,1759999.9905,2369999.8856,2019-01-31T13:47:51.503000Z
1.1488200000000002,1.1488500000000001,2890000.1049,1000000.0,2019-01-31T13:47:51.555000Z
1.1488200000000002,1.1488500000000001,1370000.0048,1500000.0,2019-01-31T13:47:51.659000Z
1.1488200000000002,1.1488500000000001,1000000.0,1870000.0048,2019-01-31T13:47:51.778000Z
1.14881,1.14884,6000000.0,1000000.0,2019-01-31T13:47:52.138000Z
1.14881,1.1488500000000001,1120000.0048,1120000.0048,2019-01-31T13:47:52.346000Z
1.1488200000000002,1.14884,1000000.0,1000000.0,2019-01-31T13:47:52.600000Z
1.1488200000000002,1.14883,1000000.0,1000000.0,2019-01-31T13:47:52.702000Z
1.14881,1.14883,1120000.0048,1000000.0,2019-01-31T13:47:53.066000Z
1.1488,1.1488200000000002,2069999.9332,3000000.0,2019-01-31T13:47:53.169000Z
1.14879,1.14881,4949999.8093,1000000.0,2019-01-31T13:47:53.220000Z
1.1488,1.14883,1250000.0,3000000.0,2019-01-31T13:47:53.428000Z
1.1488,1.1488200000000002,1120000.0048,1870000.0048,2019-01-31T13:47:53.836000Z
1.14879,1.1488200000000002,9260000.2289,1000000.0,2019-01-31T13:47:54.016000Z
1.14879,1.1488200000000002,6570000.1717,5250000.0,2019-01-31T13:47:54.170000Z
1.14879,1.1488200000000002,3069999.9332,1870000.0048,2019-01-31T13:47:55.010000Z
1.14879,1.1488200000000002,5820000.1717,1500000.0,2019-01-31T13:47:55.114000Z
1.14879,1.1488200000000002,1000000.0,1000000.0,2019-01-31T13:47:55.217000Z
1.14878,1.14879,1200000.0477,1500000.0,2019-01-31T13:47:55.836000Z
1.14877,1.14878,1200000.0477,1000000.0,2019-01-31T13:47:55.938000Z
1.1487500000000002,1.14878,3569999.9332,1000000.0,2019-01-31T13:47:55.990000Z
1.1487500000000002,1.14878,1120000.0048,1000000.0,2019-01-31T13:47:56.126000Z
1.14874,1.14879,8260000.2289,4869999.8856,2019-01-31T13:47:56.229000Z
1.14874,1.14878,4250000.0,1000000.0,2019-01-31T13:47:56.484000Z
1.1487500000000002,1.14879,1000000.0,5739999.7711,2019-01-31T13:47:56.745000Z
1.14874,1.14877,5099999.9046,3000000.0,2019-01-31T13:47:56.847000Z
1.14873,1.1487500000000002,2450000.0477,4119999.8856,2019-01-31T13:47:56.950000Z
1.14873,1.14874,1120000.0048,2250000.0,2019-01-31T13:47:57.062000Z
1.1487100000000001,1.14874,1000000.0,1000000.0,2019-01-31T13:47:57.114000Z
1.1487,1.14873,6559999.9428,2250000.0,2019-01-31T13:47:57.216000Z
1.1487100000000001,1.14873,1500000.0,2619999.8856,2019-01-31T13:47:57.318000Z
1.1487,1.14873,6260000.2289,2619999.8856,2019-01-31T13:47:57.420000Z
1.1487100000000001,1.14873,1500000.0,2619999.8856,2019-01-31T13:47:57.532000Z
1.1487,1.14874,7389999.8665,3190000.0572,2019-01-31T13:47:57.634000Z
1.1487,1.1487500000000002,5699999.8093,4309999.9428,2019-01-31T13:47:57.736000Z
1.1487100000000001,1.1487500000000002,5070000.1717,3000000.0,2019-01-31T13:47:57.838000Z
1.1487100000000001,1.14873,2069999.9332,1000000.0,2019-01-31T13:47:57.986000Z
1.1487100000000001,1.14873,2700000.0477,1000000.0,2019-01-31T13:47:58.088000Z
1.1487,1.14873,4389999.8665,1000000.0,2019-01-31T13:47:58.293000Z
1.1487,1.14873,10189999.5804,2250000.0,2019-01-31T13:47:58.547000Z
1.1487,1.14874,6199999.8093,1250000.0,2019-01-31T13:47:58.728000Z
1.14869,1.1487200000000002,6599999.9046,1500000.0,2019-01-31T13:47:59.888000Z
1.14869,1.1487,2059999.9428,1120000.0048,2019-01-31T13:47:59.991000Z
1.14867,1.1487,3190000.0572,1620000.0048,2019-01-31T13:48:00.094000Z
1.14867,1.1487200000000002,4440000.0572,4070000.1717,2019-01-31T13:48:00.145000Z
1.14869,1.14873,1000000.0,4869999.8856,2019-01-31T13:48:00.248000Z
1.14869,1.1487100000000001,1000000.0,1000000.0,2019-01-31T13:48:00.299000Z
1.14868,1.1487200000000002,1500000.0,1000000.0,2019-01-31T13:48:00.404000Z
1.14869,1.1487200000000002,1690000.0572,1500000.0,2019-01-31T13:48:00.507000Z
1.1487,1.14873,1000000.0,2319999.9332,2019-01-31T13:48:00.610000Z
1.1487,1.14873,1000000.0,1750000.0,2019-01-31T13:48:00.712000Z
1.1487,1.14873,1000000.0,1200000.0477,2019-01-31T13:48:00.814000Z
1.1487,1.1487200000000002,1000000.0,1000000.0,2019-01-31T13:48:00.938000Z
1.1487,1.14874,1250000.0,5820000.1717,2019-01-31T13:48:01.040000Z
1.1487,1.14874,1250000.0,2619999.8856,2019-01-31T13:48:01.142000Z
1.1487,1.14873,1250000.0,1120000.0048,2019-01-31T13:48:01.296000Z
1.1487,1.14874,1049999.9523,4199999.8093,2019-01-31T13:48:01.459000Z
1.1487,1.14873,1539999.9619,3190000.0572,2019-01-31T13:48:01.561000Z
1.1487,1.14874,2289999.9619,1870000.0048,2019-01-31T13:48:01.817000Z
1.1487,1.1487500000000002,1539999.9619,9640000.3433,2019-01-31T13:48:02.563000Z
1.1487,1.14873,1690000.0572,1500000.0,2019-01-31T13:48:02.666000Z
1.1487,1.1487200000000002,1250000.0,1000000.0,2019-01-31T13:48:02.872000Z
1.14869,1.14873,4000000.0,3369999.8856,2019-01-31T13:48:02.974000Z
1.1487100000000001,1.14873,1000000.0,1000000.0,2019-01-31T13:48:03.663000Z
1.1487100000000001,1.14874,2619999.8856,1500000.0,2019-01-31T13:48:03.765000Z
1.14874,1.1487500000000002,3190000.0572,2619999.8856,2019-01-31T13:48:03.867000Z
1.1487500000000002,1.14876,2099999.9046,1000000.0,2019-01-31T13:48:03.952000Z
1.1487500000000002,1.14877,2619999.8856,1000000.0,2019-01-31T13:48:04.055000Z
1.1487500000000002,1.14878,3420000.0763,6369999.8856,2019-01-31T13:48:04.157000Z
1.1487500000000002,1.14878,1000000.0,2619999.8856,2019-01-31T13:48:04.259000Z
1.14877,1.14879,1000000.0,1120000.0048,2019-01-31T13:48:04.516000Z
1.14876,1.14879,2170000.0763,1120000.0048,2019-01-31T13:48:04.618000Z
1.1487500000000002,1.14878,3000000.0,1500000.0,2019-01-31T13:48:05.516000Z
1.14874,1.14878,3190000.0572,3369999.8856,2019-01-31T13:48:05.859000Z
1.14873,1.14876,1000000.0,8560000.4196,2019-01-31T13:48:05.962000Z
1.1487100000000001,1.14874,1870000.0048,1000000.0,2019-01-31T13:48:06.112000Z
1.1487,1.14873,2190000.0572,1000000.0,2019-01-31T13:48:06.214000Z
1.1487100000000001,1.14874,2059999.9428,1120000.0048,2019-01-31T13:48:06.316000Z
1.1487100000000001,1.14874,2190000.0572,1000000.0,2019-01-31T13:48:06.419000Z
1.1487200000000002,1.1487500000000002,1120000.0048,5059999.9428,2019-01-31T13:48:07.063000Z
1.1487200000000002,1.1487500000000002,1120000.0048,2500000.0,2019-01-31T13:48:07.166000Z
1.1487100000000001,1.1487500000000002,3000000.0,2869999.8856,2019-01-31T13:48:07.319000Z
1.1487200000000002,1.1487500000000002,1120000.0048,3940000.0572,2019-01-31T13:48:07.421000Z
1.1487100000000001,1.14874,2250000.0,1000000.0,2019-01-31T13:48:07.523000Z
1.1487200000000002,1.14874,1120000.0048,3000000.0,2019-01-31T13:48:07.769000Z
1.1487100000000001,1.1487500000000002,4500000.0,11819999.6948,2019-01-31T13:48:07.872000Z
1.1487100000000001,1.14874,3000000.0,3200000.0477,2019-01-31T13:48:08.587000Z
1.1487100000000001,1.1487500000000002,1120000.0048,7349999.9046,2019-01-31T13:48:08.689000Z
1.14869,1.1487100000000001,3640000.1049,1120000.0048,2019-01-31T13:48:10.245000Z
1.14868,1.1487,1000000.0,1000000.0,2019-01-31T13:48:10.349000Z
1.14867,1.1487100000000001,1870000.0048,9640000.3433,2019-01-31T13:48:10.769000Z
1.14868,1.1487,1120000.0048,1309999.9428,2019-01-31T13:48:10.919000Z
1.14868,1.1487100000000001,1000000.0,5699999.8093,2019-01-31T13:48:11.189000Z
1.14867,1.1487100000000001,1870000.0048,7570000.1717,2019-01-31T13:48:11.324000Z
1.14867,1.1487,2619999.8856,3000000.0,2019-01-31T13:48:11.434000Z
1.14867,1.1487100000000001,1870000.0048,4050000.1907,2019-01-31T13:48:11.769000Z
1.14867,1.1487,2619999.8856,1500000.0,2019-01-31T13:48:11.970000Z
1.14867,1.1487100000000001,1870000.0048,5099999.9046,2019-01-31T13:48:12.173000Z
1.14867,1.1487,2619999.8856,1870000.0048,2019-01-31T13:48:12.276000Z
1.14867,1.14869,2619999.8856,1000000.0,2019-01-31T13:48:12.428000Z
1.14867,1.1487,1870000.0048,2250000.0,2019-01-31T13:48:12.581000Z
1.14867,1.1487,1000000.0,1620000.0048,2019-01-31T13:48:14.250000Z
1.14869,1.1487100000000001,3250000.0,8979999.5422,2019-01-31T13:48:14.571000Z
1.14869,1.1487200000000002,4800000.1907,1950000.0477,2019-01-31T13:48:14.685000Z
1.14869,1.14873,2930000.0668,1000000.0,2019-01-31T13:48:14.788000Z
1.14869,1.14874,3000000.0,6750000.0,2019-01-31T13:48:15.597000Z
1.14869,1.1487200000000002,2549999.9523,1000000.0,2019-01-31T13:48:15.723000Z
1.14868,1.1487,1000000.0,2250000.0,2019-01-31T13:48:15.826000Z
1.14869,1.1487100000000001,2119999.8856,2250000.0,2019-01-31T13:48:15.982000Z
1.14869,1.1487200000000002,1120000.0048,1120000.0048,2019-01-31T13:48:16.144000Z
1.14869,1.1487100000000001,1120000.0048,1000000.0,2019-01-31T13:48:16.586000Z
1.1487,1.1487200000000002,1250000.0,1870000.0048,2019-01-31T13:48:16.703000Z
1.1487,1.14873,1750000.0,1500000.0,2019-01-31T13:48:16.805000Z
1.1487100000000001,1.14874,1250000.0,4309999.9428,2019-01-31T13:48:17.512000Z
1.1487100000000001,1.14873,1250000.0,1000000.0,2019-01-31T13:48:17.615000Z
1.1487100000000001,1.14874,1250000.0,3000000.0,2019-01-31T13:48:17.748000Z
1.1487200000000002,1.1487500000000002,1690000.0572,4889999.8665,2019-01-31T13:48:18.360000Z
1.14874,1.14877,6619999.8856,1000000.0,2019-01-31T13:48:18.463000Z
1.14874,1.14879,5059999.9428,7119999.8856,2019-01-31T13:48:18.514000Z
1.1487500000000002,1.14878,1250000.0,3000000.0,2019-01-31T13:48:18.617000Z
1.14874,1.14878,2059999.9428,3750000.0,2019-01-31T13:48:18.791000Z
1.1487500000000002,1.14878,1000000.0,1309999.9428,2019-01-31T13:48:19.208000Z
1.14873,1.14877,5360000.1335,1690000.0572,2019-01-31T13:48:19.830000Z
1.14873,1.14874,3369999.8856,1000000.0,2019-01-31T13:48:19.881000Z
1.1487200000000002,1.14874,1000000.0,1000000.0,2019-01-31T13:48:19.983000Z
1.1487200000000002,1.1487500000000002,1500000.0,1309999.9428,2019-01-31T13:48:20.145000Z
1.14873,1.14877,1250000.0,4539999.9619,2019-01-31T13:48:20.248000Z
1.14873,1.14877,5139999.8665,4760000.2289,2019-01-31T13:48:20.350000Z
1.14873,1.14876,2140000.1049,1000000.0,2019-01-31T13:48:20.452000Z
1.14873,1.14876,1000000.0,1620000.0048,2019-01-31T13:48:20.679000Z
1.1487200000000002,1.14876,2890000.1049,1600000.0238,2019-01-31T13:48:20.781000Z
1.14873,1.14877,1250000.0,3369999.8856,2019-01-31T13:48:21.251000Z
1.14873,1.14877,8500000.0,1000000.0,2019-01-31T13:48:21.354000Z
1.14873,1.14877,4760000.2289,2559999.9428,2019-01-31T13:48:21.456000Z
1.14873,1.14877,3789999.9619,1250000.0,2019-01-31T13:48:21.865000Z
1.1487500000000002,1.14877,1000000.0,1000000.0,2019-01-31T13:48:21.968000Z
1.14874,1.14877,4570000.1717,1250000.0,2019-01-31T13:48:22.070000Z
1.14874,1.14877,4199999.8093,3369999.8856,2019-01-31T13:48:22.379000Z
1.14874,1.14876,1000000.0,4440000.0572,2019-01-31T13:48:22.484000Z
1.14873,1.1487500000000002,1000000.0,1120000.0048,2019-01-31T13:48:22.587000Z
1.1487100000000001,1.1487500000000002,3000000.0,1690000.0572,2019-01-31T13:48:22.638000Z
1.1487200000000002,1.1487500000000002,1250000.0,1000000.0,2019-01-31T13:48:22.748000Z
1.14873,1.14876,1000000.0,2619999.8856,2019-01-31T13:48:22.850000Z
1.14873,1.1487500000000002,2619999.8856,1000000.0,2019-01-31T13:48:23.105000Z
1.14873,1.14876,2619999.8856,2250000.0,2019-01-31T13:48:23.526000Z
1.14873,1.14876,1500000.0,3500000.0,2019-01-31T13:48:23.751000Z
1.14873,1.14876,3369999.8856,3000000.0,2019-01-31T13:48:23.947000Z
1.14873,1.1487500000000002,1000000.0,1500000.0,2019-01-31T13:48:24.049000Z
1.14874,1.14876,1870000.0048,1000000.0,2019-01-31T13:48:25.446000Z
1.14874,1.14877,1250000.0,1500000.0,2019-01-31T13:48:25.548000Z
1.14873,1.14877,14319999.6948,1120000.0048,2019-01-31T13:48:25.792000Z
1.1487500000000002,1.14878,1000000.0,4889999.8665,2019-01-31T13:48:25.944000Z
1.1487500000000002,1.14878,1500000.0,1870000.0048,2019-01-31T13:48:26.571000Z
1.14876,1.14879,1000000.0,8250000.0,2019-01-31T13:48:27.817000Z
1.14874,1.14878,7820000.1717,1500000.0,2019-01-31T13:48:27.973000Z
1.1487500000000002,1.14877,3559999.9428,1000000.0,2019-01-31T13:48:28.382000Z
1.14876,1.14877,1000000.0,1000000.0,2019-01-31T13:48:28.484000Z
1.14874,1.14877,6059999.9428,1000000.0,2019-01-31T13:48:29.238000Z
1.1487500000000002,1.14878,2059999.9428,2619999.8856,2019-01-31T13:48:29.544000Z
1.1487500000000002,1.14877,2440000.0572,1000000.0,2019-01-31T13:48:29.960000Z
1.1487500000000002,1.14878,1690000.0572,2250000.0,2019-01-31T13:48:30.063000Z
1.1487500000000002,1.14877,2440000.0572,1000000.0,2019-01-31T13:48:30.262000Z
1.1487500000000002,1.14878,1000000.0,2700000.0477,2019-01-31T13:48:31.502000Z
1.1487500000000002,1.14878,1250000.0,4119999.8856,2019-01-31T13:48:32.533000Z
1.1487500000000002,1.14878,4000000.0,1000000.0,2019-01-31T13:48:32.981000Z
1.14877,1.14879,1120000.0048,3220000.0286,2019-01-31T13:48:33.673000Z
1.14877,1.14879,1250000.0,1000000.0,2019-01-31T13:48:33.776000Z
1.14878,1.14879,1000000.0,1500000.0,2019-01-31T13:48:33.983000Z
1.14877,1.1488,2440000.0572,1870000.0048,2019-01-31T13:48:34.085000Z
1.14878,1.14879,1000000.0,1000000.0,2019-01-31T13:48:34.545000Z
1.14877,1.14879,1000000.0,1500000.0,2019-01-31T13:48:34.722000Z
1.14876,1.14879,1000000.0,2700000.0477,2019-01-31T13:48:34.824000Z
1.1487500000000002,1.14879,4500000.0,2250000.0,2019-01-31T13:48:34.926000Z
1.1487500000000002,1.14877,1000000.0,1750000.0,2019-01-31T13:48:35.042000Z
1.14874,1.14878,2809999.9428,2250000.0,2019-01-31T13:48:35.093000Z
1.14874,1.14878,2440000.0572,2369999.8856,2019-01-31T13:48:35.456000Z
1.1487500000000002,1.14878,1250000.0,2619999.8856,2019-01-31T13:48:35.618000Z
1.14876,1.14878,1120000.0048,3369999.8856,2019-01-31T13:48:35.822000Z
1.1487500000000002,1.14878,1000000.0,1120000.0048,2019-01-31T13:48:35.924000Z
1.14876,1.14878,1000000.0,1500000.0,2019-01-31T13:48:37.408000Z
1.14874,1.14878,5440000.0572,1120000.0048,2019-01-31T13:48:37.802000Z
1.14874,1.14878,6789999.9619,5250000.0,2019-01-31T13:48:38.280000Z
1.14873,1.14878,2869999.8856,3000000.0,2019-01-31T13:48:38.383000Z
1.1487500000000002,1.14878,1000000.0,2619999.8856,2019-01-31T13:48:38.637000Z
1.1487500000000002,1.14878,1000000.0,4369999.8856,2019-01-31T13:48:38.806000Z
1.1487500000000002,1.14878,1000000.0,4869999.8856,2019-01-31T13:48:38.909000Z
1.14874,1.14878,1690000.0572,2250000.0,2019-01-31T13:48:40.600000Z
1.1487500000000002,1.14877,1000000.0,2809999.9428,2019-01-31T13:48:41.347000Z
1.1487200000000002,1.14876,7500000.0,2619999.8856,2019-01-31T13:48:41.449000Z
1.14873,1.1487500000000002,1000000.0,1500000.0,2019-01-31T13:48:41.602000Z
1.1487200000000002,1.1487500000000002,2250000.0,2140000.1049,2019-01-31T13:48:41.705000Z
1.1487100000000001,1.1487500000000002,1500000.0,3559999.9428,2019-01-31T13:48:41.857000Z
1.14873,1.1487500000000002,1000000.0,2440000.0572,2019-01-31T13:48:41.909000Z
1.14873,1.14874,1000000.0,1000000.0,2019-01-31T13:48:42.221000Z
1.14873,1.1487500000000002,1000000.0,4570000.1717,2019-01-31T13:48:42.650000Z
1.14873,1.14874,1000000.0,1500000.0,2019-01-31T13:48:42.856000Z
1.14873,1.1487500000000002,1000000.0,9260000.2289,2019-01-31T13:48:43.009000Z
1.1487100000000001,1.14874,1870000.0048,1500000.0,2019-01-31T13:48:43.111000Z
1.1487200000000002,1.14874,1120000.0048,1000000.0,2019-01-31T13:48:43.213000Z
1.1487100000000001,1.1487500000000002,1870000.0048,9590000.1526,2019-01-31T13:48:43.347000Z
1.1487200000000002,1.14874,1120000.0048,1870000.0048,2019-01-31T13:48:43.500000Z
1.1487200000000002,1.14873,1120000.0048,1000000.0,2019-01-31T13:48:43.603000Z
1.1487100000000001,1.1487500000000002,2619999.8856,6070000.1717,2019-01-31T13:48:43.705000Z
1.14873,1.1487500000000002,1000000.0,3000000.0,2019-01-31T13:48:43.808000Z
1.1487200000000002,1.1487500000000002,2250000.0,1000000.0,2019-01-31T13:48:43.966000Z
1.14873,1.1487500000000002,1000000.0,2700000.0477,2019-01-31T13:48:44.068000Z
1.1487200000000002,1.1487500000000002,1000000.0,9760000.2289,2019-01-31T13:48:44.273000Z
1.1487100000000001,1.14873,1120000.0048,1000000.0,2019-01-31T13:48:44.412000Z
1.1487200000000002,1.14874,1120000.0048,2250000.0,2019-01-31T13:48:44.514000Z
1.1487,1.14874,3559999.9428,1000000.0,2019-01-31T13:48:45.014000Z
1.1487100000000001,1.14874,1000000.0,1000000.0,2019-01-31T13:48:45.124000Z
1.1487100000000001,1.1487500000000002,1000000.0,8890000.3433,2019-01-31T13:48:45.384000Z
1.1487100000000001,1.14874,1000000.0,1000000.0,2019-01-31T13:48:45.497000Z
1.1487,1.14873,2619999.8856,1000000.0,2019-01-31T13:48:45.998000Z
1.14869,1.1487100000000001,4500000.0,2369999.8856,2019-01-31T13:48:46.156000Z
1.14869,1.1487200000000002,1250000.0,2099999.9046,2019-01-31T13:48:46.261000Z
1.14869,1.1487200000000002,5119999.8856,1500000.0,2019-01-31T13:48:46.364000Z
1.14869,1.1487200000000002,2700000.0477,1000000.0,2019-01-31T13:48:46.519000Z
1.1487,1.1487200000000002,1000000.0,1000000.0,2019-01-31T13:48:46.682000Z
1.1487,1.14873,4119999.8856,3000000.0,2019-01-31T13:48:46.785000Z
1.1487,1.1487200000000002,1120000.0048,1000000.0,2019-01-31T13:48:46.888000Z
1.1487,1.14873,1120000.0048,1250000.0,2019-01-31T13:48:47.376000Z
1.14869,1.14873,5619999.8856,1120000.0048,2019-01-31T13:48:47.529000Z
1.1487,1.14873,1000000.0,1000000.0,2019-01-31T13:48:47.905000Z
1.14869,1.14873,6260000.2289,1000000.0,2019-01-31T13:48:48.044000Z
1.14868,1.1487100000000001,8949999.8093,1250000.0,2019-01-31T13:48:48.353000Z
1.14868,1.1487,1500000.0,1000000.0,2019-01-31T13:48:48.458000Z
1.14869,1.1487100000000001,1250000.0,6369999.8856,2019-01-31T13:48:48.564000Z
1.1487,1.1487200000000002,1450000.0477,3750000.0,2019-01-31T13:48:48.666000Z
1.1487100000000001,1.14873,1250000.0,1120000.0048,2019-01-31T13:48:49.290000Z
1.1487100000000001,1.14874,1250000.0,7869999.8856,2019-01-31T13:48:49.443000Z
1.1487100000000001,1.14873,1240000.0095,1120000.0048,2019-01-31T13:48:50.712000Z
1.1487,1.1487200000000002,4070000.1717,1000000.0,2019-01-31T13:48:53.436000Z
1.1487,1.14873,2569999.9332,4869999.8856,2019-01-31T13:48:53.689000Z
1.1487,1.1487200000000002,1250000.0,1500000.0,2019-01-31T13:48:54.059000Z
1.1487,1.1487200000000002,1120000.0048,2250000.0,2019-01-31T13:48:54.653000Z
1.14869,1.14873,2890000.1049,7500000.0,2019-01-31T13:48:54.918000Z
1.14869,1.1487200000000002,1870000.0048,1000000.0,2019-01-31T13:48:55.590000Z
1.1487,1.14873,1000000.0,1500000.0,2019-01-31T13:48:55.947000Z
1.14869,1.1487200000000002,5809999.9428,1000000.0,2019-01-31T13:48:56.924000Z
1.14868,1.1487200000000002,2250000.0,6000000.0,2019-01-31T13:48:57.077000Z
1.14869,1.1487200000000002,1250000.0,3190000.0572,2019-01-31T13:48:57.545000Z
1.1487,1.14873,1000000.0,1500000.0,2019-01-31T13:48:58.046000Z
1.1487100000000001,1.14873,1000000.0,3500000.0,2019-01-31T13:48:58.397000Z
1.1487100000000001,1.14874,1000000.0,7389999.8665,2019-01-31T13:48:58.449000Z
1.1487,1.14874,3069999.9332,6260000.2289,2019-01-31T13:48:58.550000Z
1.1487,1.14873,5320000.1717,1500000.0,2019-01-31T13:48:58.705000Z
1.1487,1.14874,3819999.9332,4760000.2289,2019-01-31T13:48:58.808000Z
1.14869,1.14873,15449999.8093,1500000.0,2019-01-31T13:48:59.150000Z
1.14869,1.14873,8250000.0,3000000.0,2019-01-31T13:48:59.255000Z
1.1487,1.14873,1120000.0048,1120000.0048,2019-01-31T13:48:59.896000Z
1.14869,1.14873,7199999.8093,1120000.0048,2019-01-31T13:48:59.998000Z
1.1487,1.14873,1250000.0,1690000.0572,2019-01-31T13:49:00.722000Z
1.14869,1.14873,5250000.0,1250000.0,2019-01-31T13:49:00.824000Z
1.1487,1.14873,1120000.0048,3559999.9428,2019-01-31T13:49:01.076000Z
1.14869,1.14873,4500000.0,2440000.0572,2019-01-31T13:49:01.179000Z
1.14869,1.14873,4500000.0,3440000.0572,2019-01-31T13:49:01.281000Z
1.14869,1.14873,5250000.0,3369999.8856,2019-01-31T13:49:01.383000Z
1.14869,1.1487200000000002,4500000.0,1000000.0,2019-01-31T13:49:01.639000Z
1.14869,1.14873,2250000.0,4119999.8856,2019-01-31T13:49:01.765000Z
1.14869,1.1487100000000001,2250000.0,1690000.0572,2019-01-31T13:49:01.816000Z
1.14869,1.1487,3369999.8856,1500000.0,2019-01-31T13:49:01.919000Z
1.14868,1.1487,1000000.0,3000000.0,2019-01-31T13:49:02.051000Z
1.14866,1.1487,7349999.9046,3940000.0572,2019-01-31T13:49:02.154000Z
1.14867,1.14868,1000000.0,1000000.0,2019-01-31T13:49:02.257000Z
1.14867,1.14869,1120000.0048,1870000.0048,2019-01-31T13:49:02.359000Z
1.14866,1.14869,1870000.0048,2250000.0,2019-01-31T13:49:02.468000Z
1.14865,1.14869,1250000.0,1500000.0,2019-01-31T13:49:02.570000Z
1.14865,1.14869,1870000.0048,4750000.0,2019-01-31T13:49:02.774000Z
1.14865,1.14869,1000000.0,3190000.0572,2019-01-31T13:49:02.876000Z
1.14865,1.14868,1870000.0048,1000000.0,2019-01-31T13:49:03.011000Z
1.14865,1.14869,1870000.0048,5809999.9428,2019-01-31T13:49:03.117000Z
1.14865,1.14868,1000000.0,1500000.0,2019-01-31T13:49:03.592000Z
1.14865,1.14867,1870000.0048,4119999.8856,2019-01-31T13:49:03.797000Z
1.14863,1.14866,3000000.0,7119999.8856,2019-01-31T13:49:03.901000Z
1.1486200000000002,1.14866,3369999.8856,19569999.6948,2019-01-31T13:49:04.058000Z
1.14863,1.14866,1000000.0,19569999.6948,2019-01-31T13:49:04.161000Z
1.14863,1.14865,1000000.0,6809999.9428,2019-01-31T13:49:04.264000Z
1.14863,1.14865,1000000.0,2059999.9428,2019-01-31T13:49:04.367000Z
1.14863,1.14864,1000000.0,1000000.0,2019-01-31T13:49:04.513000Z
1.1486100000000001,1.14864,3559999.9428,1000000.0,2019-01-31T13:49:04.871000Z
1.1486200000000002,1.14864,4349999.9046,1000000.0,2019-01-31T13:49:04.976000Z
1.14864,1.14866,1000000.0,6000000.0,2019-01-31T13:49:05.081000Z
1.14863,1.14865,1120000.0048,1000000.0,2019-01-31T13:49:05.186000Z
1.1486200000000002,1.14865,6820000.1717,2250000.0,2019-01-31T13:49:05.290000Z
1.1486200000000002,1.14866,4869999.8856,7199999.8093,2019-01-31T13:49:05.443000Z
1.1486200000000002,1.14865,3369999.8856,3500000.0,2019-01-31T13:49:05.850000Z
1.1486100000000001,1.14864,4309999.9428,1759999.9905,2019-01-31T13:49:06.132000Z
1.1486100000000001,1.14865,1269999.9809,3109999.8951,2019-01-31T13:49:07.280000Z
1.1486100000000001,1.14864,3519999.9809,1000000.0,2019-01-31T13:49:07.560000Z
1.1486100000000001,1.14865,1269999.9809,3259999.9905,2019-01-31T13:49:07.662000Z
1.1486100000000001,1.14864,4460000.0381,2440000.0572,2019-01-31T13:49:07.876000Z
1.1486,1.1486200000000002,2950000.0477,1000000.0,2019-01-31T13:49:07.980000Z
1.1486,1.1486200000000002,1000000.0,1000000.0,2019-01-31T13:49:08.082000Z
1.1486,1.14863,3000000.0,3819999.9332,2019-01-31T13:49:08.299000Z
1.14859,1.1486100000000001,1500000.0,5250000.0,2019-01-31T13:49:08.402000Z
1.14859,1.1486,1500000.0,4389999.8665,2019-01-31T13:49:08.535000Z
1.14858,1.1486,1000000.0,4119999.8856,2019-01-31T13:49:08.586000Z
1.14856,1.1486,1690000.0572,4690000.0572,2019-01-31T13:49:08.689000Z
1.14856,1.14859,3190000.0572,1000000.0,2019-01-31T13:49:08.894000Z
1.14857,1.1486,1000000.0,1500000.0,2019-01-31T13:49:08.998000Z
1.14858,1.1486100000000001,4119999.8856,1500000.0,2019-01-31T13:49:09.100000Z
1.14858,1.1486200000000002,4940000.0572,1870000.0048,2019-01-31T13:49:09.202000Z
1.14858,1.1486200000000002,2440000.0572,1000000.0,2019-01-31T13:49:09.353000Z
1.14858,1.1486100000000001,2440000.0572,1000000.0,2019-01-31T13:49:09.455000Z
1.14857,1.1486200000000002,7489999.7711,2440000.0572,2019-01-31T13:49:09.607000Z
1.14858,1.1486100000000001,1690000.0572,1000000.0,2019-01-31T13:49:09.760000Z
1.14857,1.1486,1700000.0477,2250000.0,2019-01-31T13:49:09.916000Z
1.14856,1.14859,5699999.8093,1000000.0,2019-01-31T13:49:10.018000Z
1.14858,1.1486,2250000.0,1000000.0,2019-01-31T13:49:10.666000Z
1.1486,1.14863,1690000.0572,9569999.6948,2019-01-31T13:49:10.769000Z
1.14859,1.1486100000000001,5320000.1717,3750000.0,2019-01-31T13:49:10.916000Z
1.14858,1.1486,1000000.0,3869999.8856,2019-01-31T13:49:11.019000Z
1.14858,1.1486,1000000.0,2619999.8856,2019-01-31T13:49:11.121000Z
1.14857,1.1486,1690000.0572,1870000.0048,2019-01-31T13:49:11.239000Z
1.14856,1.1486100000000001,3819999.9332,6469999.7902,2019-01-31T13:49:11.341000Z
1.14856,1.14859,3640000.1049,1000000.0,2019-01-31T13:49:11.445000Z
1.14857,1.14859,1250000.0,1500000.0,2019-01-31T13:49:11.853000Z
1.14858,1.1486,1000000.0,1000000.0,2019-01-31T13:49:12.006000Z
1.14858,1.1486100000000001,1250000.0,1000000.0,2019-01-31T13:49:12.108000Z
1.14858,1.1486200000000002,1250000.0,3000000.0,2019-01-31T13:49:12.226000Z
1.14858,1.1486200000000002,3440000.0572,3559999.9428,2019-01-31T13:49:12.481000Z
1.14857,1.1486200000000002,2119999.8856,5139999.8665,2019-01-31T13:49:12.583000Z
1.14857,1.1486,1250000.0,1500000.0,2019-01-31T13:49:12.690000Z
1.14857,1.14859,1000000.0,1000000.0,2019-01-31T13:49:12.794000Z
1.14857,1.1486,1000000.0,2440000.0572,2019-01-31T13:49:12.897000Z
1.14857,1.1486,1250000.0,3250000.0,2019-01-31T13:49:13.020000Z
1.14857,1.1486,1000000.0,2440000.0572,2019-01-31T13:49:13.160000Z
1.14857,1.14859,1000000.0,1000000.0,2019-01-31T13:49:13.708000Z
1.14856,1.14857,1870000.0048,1000000.0,2019-01-31T13:49:14.183000Z
1.14855,1.14857,1690000.0572,1000000.0,2019-01-31T13:49:14.285000Z
1.14855,1.14859,1690000.0572,3220000.0286,2019-01-31T13:49:14.388000Z
1.14855,1.14858,1200000.0477,1500000.0,2019-01-31T13:49:14.594000Z
1.1485400000000001,1.14858,3259999.9905,2700000.0477,2019-01-31T13:49:14.899000Z
1.1485400000000001,1.14858,4000000.0,1000000.0,2019-01-31T13:49:15.001000Z
1.1485400000000001,1.14857,3619999.8856,1000000.0,2019-01-31T13:49:15.106000Z
1.1485400000000001,1.14858,2500000.0,1000000.0,2019-01-31T13:49:15.462000Z
1.1485400000000001,1.14858,2440000.0572,1500000.0,2019-01-31T13:49:16.231000Z
1.1485400000000001,1.14857,2440000.0572,1000000.0,2019-01-31T13:49:16.333000Z
1.14853,1.14857,6750000.0,5440000.0572,2019-01-31T13:49:16.855000Z
1.1485100000000001,1.1485400000000001,4349999.9046,1000000.0,2019-01-31T13:49:16.993000Z
1.1485100000000001,1.1485400000000001,1870000.0048,1500000.0,2019-01-31T13:49:17.095000Z
1.1485200000000002,1.1485400000000001,1000000.0,2250000.0,2019-01-31T13:49:17.198000Z
1.1485100000000001,1.1485400000000001,1000000.0,3000000.0,2019-01-31T13:49:17.959000Z
1.1485,1.1485400000000001,12039999.9619,2250000.0,2019-01-31T13:49:18.196000Z
1.1485100000000001,1.1485400000000001,1250000.0,1500000.0,2019-01-31T13:49:18.507000Z
1.1485100000000001,1.14853,1500000.0,1500000.0,2019-01-31T13:49:18.625000Z
1.1485,1.14853,10159999.8474,1000000.0,2019-01-31T13:49:18.728000Z
1.1485,1.1485400000000001,8659999.8474,1000000.0,2019-01-31T13:49:18.933000Z
1.1485200000000002,1.14855,1000000.0,1500000.0,2019-01-31T13:49:19.036000Z
1.1485,1.14853,8539999.9619,1000000.0,2019-01-31T13:49:19.187000Z
1.1485100000000001,1.1485400000000001,1460000.0381,1000000.0,2019-01-31T13:49:19.492000Z
1.1485,1.1485400000000001,5769999.9809,2250000.0,2019-01-31T13:49:20.057000Z
1.1485,1.14853,2589999.9142,1500000.0,2019-01-31T13:49:20.160000Z
1.1485100000000001,1.14853,2240000.0095,2250000.0,2019-01-31T13:49:20.424000Z
1.1485,1.14853,1250000.0,1500000.0,2019-01-31T13:49:20.526000Z
1.14849,1.14853,12789999.9619,1000000.0,2019-01-31T13:49:20.843000Z
1.1485100000000001,1.1485400000000001,1000000.0,1000000.0,2019-01-31T13:49:20.947000Z
1.14853,1.1485400000000001,1000000.0,1000000.0,2019-01-31T13:49:21.050000Z
1.14855,1.14857,2500000.0,16649999.6185,2019-01-31T13:49:21.248000Z
1.14856,1.14857,1000000.0,1500000.0,2019-01-31T13:49:21.350000Z
1.1485400000000001,1.14857,2059999.9428,1500000.0,2019-01-31T13:49:21.452000Z
1.14855,1.14857,1120000.0048,1500000.0,2019-01-31T13:49:21.554000Z
1.1485400000000001,1.14857,1000000.0,1000000.0,2019-01-31T13:49:21.656000Z
1.1485400000000001,1.14855,1870000.0048,1000000.0,2019-01-31T13:49:22.740000Z
1.14855,1.14857,1250000.0,1500000.0,2019-01-31T13:49:22.842000Z
1.14856,1.14858,1000000.0,2619999.8856,2019-01-31T13:49:22.977000Z
1.14856,1.14859,3190000.0572,2250000.0,2019-01-31T13:49:23.081000Z
1.14859,1.1486,1000000.0,1250000.0,2019-01-31T13:49:23.184000Z
1.1486,1.1486200000000002,2440000.0572,1200000.0477,2019-01-31T13:49:23.287000Z
1.14859,1.1486,3369999.8856,1000000.0,2019-01-31T13:49:23.386000Z
1.14858,1.1486,3190000.0572,5750000.0,2019-01-31T13:49:23.489000Z
1.14858,1.1486,1250000.0,1309999.9428,2019-01-31T13:49:23.591000Z
1.14856,1.14859,1120000.0048,1000000.0,2019-01-31T13:49:23.693000Z
1.14856,1.14858,1250000.0,1000000.0,2019-01-31T13:49:24.108000Z
1.14855,1.14857,1690000.0572,3000000.0,2019-01-31T13:49:24.210000Z
1.14856,1.14857,1000000.0,1500000.0,2019-01-31T13:49:24.421000Z
1.14855,1.14858,3369999.8856,7250000.0,2019-01-31T13:49:24.574000Z
1.14856,1.14857,1000000.0,1120000.0048,2019-01-31T13:49:24.862000Z
1.14855,1.14858,1000000.0,5369999.8856,2019-01-31T13:49:24.964000Z
1.1485400000000001,1.14855,1870000.0048,4869999.8856,2019-01-31T13:49:25.157000Z
1.1485200000000002,1.1485400000000001,1870000.0048,1500000.0,2019-01-31T13:49:25.260000Z
1.1485200000000002,1.14855,1250000.0,2250000.0,2019-01-31T13:49:25.369000Z
1.1485100000000001,1.14855,4309999.9428,3000000.0,2019-01-31T13:49:25.692000Z
1.1485200000000002,1.14855,1000000.0,4309999.9428,2019-01-31T13:49:25.933000Z
1.1485100000000001,1.1485400000000001,4690000.0572,1000000.0,2019-01-31T13:49:26.086000Z
1.1485100000000001,1.14855,4690000.0572,4309999.9428,2019-01-31T13:49:26.188000Z
1.1485100000000001,1.14855,5619999.8856,5119999.8856,2019-01-31T13:49:26.290000Z
1.1485100000000001,1.14853,3000000.0,1000000.0,2019-01-31T13:49:26.429000Z
1.1485100000000001,1.14855,4690000.0572,4869999.8856,2019-01-31T13:49:26.531000Z
1.1485200000000002,1.14855,1690000.0572,4869999.8856,2019-01-31T13:49:26.633000Z
1.14853,1.14855,1000000.0,2250000.0,2019-01-31T13:49:26.975000Z
1.14855,1.14857,2440000.0572,3069999.9332,2019-01-31T13:49:27.027000Z
1.14856,1.14858,1250000.0,1000000.0,2019-01-31T13:49:27.130000Z
1.14855,1.14858,1690000.0572,1000000.0,2019-01-31T13:49:27.232000Z
1.14855,1.14857,1690000.0572,1250000.0,2019-01-31T13:49:27.381000Z
1.14855,1.14859,7369999.8856,5619999.8856,2019-01-31T13:49:28.523000Z
1.14855,1.14857,5119999.8856,1000000.0,2019-01-31T13:49:28.727000Z
1.14855,1.14858,3619999.8856,1000000.0,2019-01-31T13:49:28.829000Z
1.14855,1.14858,2619999.8856,1000000.0,2019-01-31T13:49:29.016000Z
1.14856,1.14858,1120000.0048,1000000.0,2019-01-31T13:49:29.118000Z
1.14855,1.14858,2619999.8856,1000000.0,2019-01-31T13:49:29.996000Z
1.14855,1.14856,1120000.0048,1690000.0572,2019-01-31T13:49:30.150000Z
1.1485200000000002,1.1485400000000001,2250000.0,1000000.0,2019-01-31T13:49:30.263000Z
1.14853,1.14856,2619999.8856,3420000.0763,2019-01-31T13:49:30.469000Z
1.1485100000000001,1.14855,8100000.3815,3000000.0,2019-01-31T13:49:30.625000Z
1.1485100000000001,1.14856,9560000.4196,7190000.0572,2019-01-31T13:49:30.800000Z
1.1485100000000001,1.14856,7869999.8856,6369999.8856,2019-01-31T13:49:30.902000Z
1.1485200000000002,1.14855,1500000.0,1000000.0,2019-01-31T13:49:31.004000Z
1.1485200000000002,1.14856,1870000.0048,4869999.8856,2019-01-31T13:49:31.106000Z
1.14853,1.14856,1120000.0048,7309999.9428,2019-01-31T13:49:31.208000Z
1.14853,1.14856,1120000.0048,6690000.0572,2019-01-31T13:49:31.589000Z
1.1485400000000001,1.14856,1000000.0,7920000.0763,2019-01-31T13:49:31.742000Z
1.1485200000000002,1.1485400000000001,2619999.8856,2500000.0,2019-01-31T13:49:31.947000Z
1.1485200000000002,1.1485400000000001,1000000.0,1000000.0,2019-01-31T13:49:32.177000Z
1.1485200000000002,1.14855,4119999.8856,2250000.0,2019-01-31T13:49:32.279000Z
1.1485200000000002,1.1485400000000001,4119999.8856,1000000.0,2019-01-31T13:49:32.381000Z
1.1485200000000002,1.14855,1500000.0,3000000.0,2019-01-31T13:49:32.926000Z
1.1485200000000002,1.1485400000000001,3000000.0,1000000.0,2019-01-31T13:49:33.028000Z
1.14853,1.1485400000000001,1000000.0,1000000.0,2019-01-31T13:49:33.130000Z
1.14853,1.14855,1000000.0,1000000.0,2019-01-31T13:49:33.232000Z
1.14853,1.1485400000000001,1000000.0,1000000.0,2019-01-31T13:49:33.807000Z
1.1485200000000002,1.14853,3750000.0,1000000.0,2019-01-31T13:49:33.910000Z
1.1485100000000001,1.14853,1500000.0,1000000.0,2019-01-31T13:49:33.990000Z
1.1485100000000001,1.14855,2619999.8856,5139999.8665,2019-01-31T13:49:34.041000Z
1.1485200000000002,1.1485400000000001,1000000.0,1000000.0,2019-01-31T13:49:34.143000Z
1.1485200000000002,1.14855,1870000.0048,2250000.0,2019-01-31T13:49:34.245000Z
1.1485100000000001,1.1485400000000001,3750000.0,1870000.0048,2019-01-31T13:49:34.399000Z
1.1485200000000002,1.14853,1000000.0,1000000.0,2019-01-31T13:49:34.501000Z
1.1485,1.14853,1500000.0,1000000.0,2019-01-31T13:49:34.621000Z
1.1485100000000001,1.1485400000000001,1309999.9428,1000000.0,2019-01-31T13:49:34.725000Z
1.14853,1.1485400000000001,1000000.0,1000000.0,2019-01-31T13:49:34.828000Z
1.14853,1.14855,1000000.0,2250000.0,2019-01-31T13:49:34.984000Z
1.1485200000000002,1.14855,1690000.0572,1690000.0572,2019-01-31T13:49:35.086000Z
1.1485200000000002,1.1485400000000001,1250000.0,1000000.0,2019-01-31T13:49:35.290000Z
1.1485200000000002,1.14855,1250000.0,2250000.0,2019-01-31T13:49:35.391000Z
1.1485200000000002,1.1485400000000001,1000000.0,1000000.0,2019-01-31T13:49:35.710000Z
1.1485200000000002,1.14855,1000000.0,3190000.0572,2019-01-31T13:49:35.812000Z
1.1485100000000001,1.14855,1690000.0572,4000000.0,2019-01-31T13:49:35.914000Z
1.1485200000000002,1.1485400000000001,1000000.0,1000000.0,2019-01-31T13:49:36.231000Z
1.1485,1.1485100000000001,2250000.0,5250000.0,2019-01-31T13:49:36.334000Z
1.14847,1.14849,3369999.8856,1000000.0,2019-01-31T13:49:36.389000Z
1.14846,1.1485,1870000.0048,3559999.9428,2019-01-31T13:49:36.492000Z
1.14846,1.1485,2509999.9905,4070000.1717,2019-01-31T13:49:36.771000Z
1.14846,1.1485,1570000.0525,5139999.8665,2019-01-31T13:49:36.874000Z
1.14847,1.14849,1000000.0,1120000.0048,2019-01-31T13:49:37.089000Z
1.14846,1.1485,1570000.0525,3450000.0477,2019-01-31T13:49:37.191000Z
1.14846,1.1485,1120000.0048,4619999.8856,2019-01-31T13:49:37.294000Z
1.14845,1.1485,5809999.9428,5369999.8856,2019-01-31T13:49:37.397000Z
1.14845,1.1485,7309999.9428,3369999.8856,2019-01-31T13:49:37.663000Z
1.14846,1.1485,1000000.0,2619999.8856,2019-01-31T13:49:37.870000Z
1.14845,1.1485,10569999.6948,1870000.0048,2019-01-31T13:49:37.973000Z
1.14846,1.1485,2250000.0,3369999.8856,2019-01-31T13:49:38.277000Z
1.14846,1.14849,2059999.9428,1250000.0,2019-01-31T13:49:38.995000Z
1.14846,1.14847,1120000.0048,1350000.0238,2019-01-31T13:49:39.097000Z
1.1484400000000001,1.14847,1120000.0048,3750000.0,2019-01-31T13:49:39.202000Z
1.1484400000000001,1.14848,3049999.9523,4500000.0,2019-01-31T13:49:39.359000Z
1.14847,1.14849,1120000.0048,7119999.8856,2019-01-31T13:49:39.411000Z
1.14845,1.1485,3069999.9332,4159999.8474,2019-01-31T13:49:39.616000Z
1.14846,1.14849,1000000.0,2700000.0477,2019-01-31T13:49:39.719000Z
1.14845,1.1485,2319999.9332,4539999.9619,2019-01-31T13:49:39.821000Z
1.14845,1.14848,1500000.0,2440000.0572,2019-01-31T13:49:39.923000Z
1.1484400000000001,1.14846,4119999.8856,1000000.0,2019-01-31T13:49:39.975000Z
1.14843,1.14845,1000000.0,1000000.0,2019-01-31T13:49:40.077000Z
1.1484200000000002,1.14845,2319999.9332,1000000.0,2019-01-31T13:49:40.179000Z
1.1484200000000002,1.1484400000000001,1870000.0048,1690000.0572,2019-01-31T13:49:40.289000Z
1.1484100000000002,1.1484400000000001,2619999.8856,1000000.0,2019-01-31T13:49:40.391000Z
1.1484200000000002,1.14845,1000000.0,2250000.0,2019-01-31T13:49:40.599000Z
1.14845,1.14846,1000000.0,1000000.0,2019-01-31T13:49:40.707000Z
1.14845,1.14848,1690000.0572,5260000.2289,2019-01-31T13:49:40.810000Z
1.14845,1.14849,2250000.0,2619999.8856,2019-01-31T13:49:40.861000Z
1.14845,1.14847,5250000.0,1000000.0,2019-01-31T13:49:41.054000Z
1.14846,1.14849,1250000.0,1500000.0,2019-01-31T13:49:41.225000Z
1.14846,1.1485,4869999.8856,5440000.0572,2019-01-31T13:49:41.327000Z
1.14847,1.1485,1000000.0,1870000.0048,2019-01-31T13:49:41.430000Z
1.14846,1.1485,1500000.0,2619999.8856,2019-01-31T13:49:41.694000Z
1.14846,1.14849,1500000.0,2250000.0,2019-01-31T13:49:42Z
1.14847,1.1485,1309999.9428,1120000.0048,2019-01-31T13:49:42.314000Z
1.14846,1.1485,5619999.8856,1500000.0,2019-01-31T13:49:42.417000Z
1.14848,1.1485,1120000.0048,1000000.0,2019-01-31T13:49:42.682000Z
1.14847,1.1485100000000001,2500000.0,1000000.0,2019-01-31T13:49:42.785000Z
1.14847,1.1485100000000001,5440000.0572,3000000.0,2019-01-31T13:49:42.887000Z
1.14847,1.1485,5059999.9428,1000000.0,2019-01-31T13:49:43.061000Z
1.14847,1.1485,2390000.1049,1000000.0,2019-01-31T13:49:43.264000Z
1.14847,1.1485,2250000.0,1000000.0,2019-01-31T13:49:43.417000Z
1.14848,1.1485,1000000.0,1000000.0,2019-01-31T13:49:43.597000Z
1.14849,1.1485200000000002,5250000.0,1500000.0,2019-01-31T13:49:43.733000Z
1.14849,1.1485200000000002,6199999.8093,1000000.0,2019-01-31T13:49:43.835000Z
1.14853,1.1485400000000001,2250000.0,2319999.9332,2019-01-31T13:49:43.887000Z
1.1485400000000001,1.14855,1000000.0,1000000.0,2019-01-31T13:49:43.990000Z
1.14853,1.14856,10060000.4196,1000000.0,2019-01-31T13:49:44.135000Z
1.14853,1.14856,11060000.4196,1000000.0,2019-01-31T13:49:44.237000Z
1.14853,1.14857,11140000.3433,1000000.0,2019-01-31T13:49:44.441000Z
1.1485400000000001,1.14857,1000000.0,1500000.0,2019-01-31T13:49:44.546000Z
1.1485400000000001,1.14857,1750000.0,1000000.0,2019-01-31T13:49:44.699000Z
1.14855,1.14858,1250000.0,5619999.8856,2019-01-31T13:49:45.115000Z
1.14856,1.14858,1000000.0,2619999.8856,2019-01-31T13:49:45.217000Z
1.14858,1.1486,1000000.0,11060000.4196,2019-01-31T13:49:45.385000Z
1.14857,1.1486,1500000.0,3000000.0,2019-01-31T13:49:45.488000Z
1.14857,1.14859,1000000.0,3559999.9428,2019-01-31T13:49:45.591000Z
1.14855,1.14859,2440000.0572,3559999.9428,2019-01-31T13:49:45.642000Z
1.14855,1.14858,2440000.0572,1120000.0048,2019-01-31T13:49:45.744000Z
1.14856,1.14858,1000000.0,1120000.0048,2019-01-31T13:49:46.009000Z
1.14856,1.14859,1000000.0,1690000.0572,2019-01-31T13:49:46.112000Z
1.14855,1.14859,5059999.9428,1690000.0572,2019-01-31T13:49:46.563000Z
1.14857,1.14859,1000000.0,1250000.0,2019-01-31T13:49:47.391000Z
1.14856,1.14859,1120000.0048,5719999.7902,2019-01-31T13:49:47.509000Z
1.1485400000000001,1.14858,2440000.0572,4309999.9428,2019-01-31T13:49:47.612000Z
1.14855,1.14858,1000000.0,2059999.9428,2019-01-31T13:49:47.867000Z
1.14855,1.14859,1250000.0,2250000.0,2019-01-31T13:49:48.168000Z
1.14856,1.1486,1000000.0,6309999.9428,2019-01-31T13:49:48.270000Z
1.14856,1.1486,1500000.0,2250000.0,2019-01-31T13:49:48.372000Z
1.14857,1.1486100000000001,1000000.0,3039999.9619,2019-01-31T13:49:48.554000Z
1.14857,1.1486100000000001,1000000.0,1500000.0,2019-01-31T13:49:48.658000Z
1.14858,1.1486100000000001,1500000.0,1500000.0,2019-01-31T13:49:48.812000Z
1.14859,1.1486200000000002,1000000.0,2619999.8856,2019-01-31T13:49:48.917000Z
1.1486,1.14863,1000000.0,2000000.0,2019-01-31T13:49:49.020000Z
1.14859,1.14863,3750000.0,2000000.0,2019-01-31T13:49:49.225000Z
1.14856,1.1486,5619999.8856,1690000.0572,2019-01-31T13:49:49.554000Z
1.14858,1.1486100000000001,1500000.0,1870000.0048,2019-01-31T13:49:49.659000Z
1.14857,1.1486100000000001,3000000.0,1000000.0,2019-01-31T13:49:49.763000Z
1.14858,1.1486100000000001,1000000.0,2750000.0,2019-01-31T13:49:49.866000Z
1.14857,1.1486100000000001,4119999.8856,1000000.0,2019-01-31T13:49:50.098000Z
1.14857,1.1486200000000002,6369999.8856,4690000.0572,2019-01-31T13:49:50.302000Z
1.14859,1.14863,1250000.0,7199999.8093,2019-01-31T13:49:50.353000Z
1.1486,1.14863,2619999.8856,3000000.0,2019-01-31T13:49:50.951000Z
1.1486,1.1486200000000002,1500000.0,1000000.0,2019-01-31T13:49:51.104000Z
1.1486,1.14863,1500000.0,2250000.0,2019-01-31T13:49:51.239000Z
1.1486100000000001,1.14863,1000000.0,2250000.0,2019-01-31T13:49:51.342000Z
1.1486,1.14863,4119999.8856,1500000.0,2019-01-31T13:49:51.444000Z
1.1486,1.14864,3000000.0,3559999.9428,2019-01-31T13:49:51.597000Z
1.1486100000000001,1.14864,1000000.0,8810000.4196,2019-01-31T13:49:51.699000Z
1.1486,1.14863,1000000.0,1500000.0,2019-01-31T13:49:51.801000Z
1.1486,1.14864,1000000.0,5889999.8665,2019-01-31T13:49:52.057000Z
1.1486,1.14863,1000000.0,1000000.0,2019-01-31T13:49:52.159000Z
1.1486100000000001,1.14863,1000000.0,1500000.0,2019-01-31T13:49:52.570000Z
1.1486,1.14863,2250000.0,1000000.0,2019-01-31T13:49:52.672000Z
1.1486100000000001,1.14863,1000000.0,1000000.0,2019-01-31T13:49:52.773000Z
1.1486,1.14863,1000000.0,1200000.0477,2019-01-31T13:49:52.875000Z
1.1486,1.1486200000000002,1500000.0,1000000.0,2019-01-31T13:49:53.019000Z
1.1486,1.14863,1000000.0,2700000.0477,2019-01-31T13:49:53.121000Z
1.1486,1.1486200000000002,1500000.0,1000000.0,2019-01-31T13:49:53.223000Z
1.1486,1.14863,2250000.0,1200000.0477,2019-01-31T13:49:53.325000Z
1.14859,1.1486200000000002,1500000.0,3559999.9428,2019-01-31T13:49:53.529000Z
1.14859,1.1486200000000002,1000000.0,8640000.3433,2019-01-31T13:49:53.636000Z
1.14857,1.1486,1570000.0525,2440000.0572,2019-01-31T13:49:53.688000Z
1.14856,1.1486,3750000.0,3190000.0572,2019-01-31T13:49:53.790000Z
1.14857,1.1486,3750000.0,4389999.8665,2019-01-31T13:49:53.892000Z
1.14857,1.14859,3750000.0,1500000.0,2019-01-31T13:49:54.258000Z
1.14858,1.14859,1000000.0,1500000.0,2019-01-31T13:49:54.412000Z
1.14858,1.1486200000000002,1000000.0,7219999.7902,2019-01-31T13:49:54.463000Z
1.14859,1.1486100000000001,1000000.0,1250000.0,2019-01-31T13:49:54.566000Z
1.14858,1.1486,3750000.0,3869999.8856,2019-01-31T13:49:54.668000Z
1.14858,1.1486,3750000.0,1500000.0,2019-01-31T13:49:54.846000Z
1.14859,1.1486200000000002,1250000.0,2619999.8856,2019-01-31T13:49:55.051000Z
1.1486,1.1486200000000002,2250000.0,3559999.9428,2019-01-31T13:49:55.483000Z
1.1486,1.1486100000000001,2250000.0,1500000.0,2019-01-31T13:49:55.637000Z
1.14859,1.1486,1120000.0048,1250000.0,2019-01-31T13:49:55.741000Z
1.14857,1.1486100000000001,4869999.8856,3259999.9905,2019-01-31T13:49:55.870000Z
1.14858,1.1486100000000001,1000000.0,1250000.0,2019-01-31T13:49:56.074000Z
1.14857,1.1486100000000001,6190000.0572,1250000.0,2019-01-31T13:49:56.176000Z
1.14858,1.1486100000000001,1500000.0,1250000.0,2019-01-31T13:49:56.432000Z
1.14859,1.1486200000000002,1000000.0,1120000.0048,2019-01-31T13:49:56.535000Z
1.14858,1.1486200000000002,6449999.8093,3069999.9332,2019-01-31T13:49:56.637000Z
1.14858,1.1486100000000001,7199999.8093,1000000.0,2019-01-31T13:49:56.892000Z
1.14858,1.1486200000000002,3819999.9332,3069999.9332,2019-01-31T13:49:57.088000Z
1.14858,1.1486,1870000.0048,1000000.0,2019-01-31T13:49:57.139000Z
1.14856,1.1486,4500000.0,1309999.9428,2019-01-31T13:49:57.242000Z
1.14857,1.1486,1000000.0,3940000.0572,2019-01-31T13:49:57.344000Z
1.14856,1.1486,7500000.0,1250000.0,2019-01-31T13:49:57.446000Z
1.14859,1.1486200000000002,1000000.0,1000000.0,2019-01-31T13:49:57.580000Z
1.14858,1.1486200000000002,5619999.8856,4119999.8856,2019-01-31T13:49:57.683000Z
1.14857,1.1486100000000001,9539999.9619,1000000.0,2019-01-31T13:49:57.785000Z
1.14857,1.1486200000000002,8409999.8474,1870000.0048,2019-01-31T13:49:59.108000Z
1.14858,1.1486200000000002,3059999.9428,1120000.0048,2019-01-31T13:49:59.261000Z
1.14858,1.14863,3819999.9332,6159999.8474,2019-01-31T13:49:59.363000Z
1.14857,1.1486100000000001,11039999.9619,1000000.0,2019-01-31T13:49:59.800000Z
1.14857,1.1486200000000002,7469999.7902,3559999.9428,2019-01-31T13:50:00.091000Z
1.14859,1.1486100000000001,1000000.0,1000000.0,2019-01-31T13:50:00.593000Z
1.14858,1.1486200000000002,1309999.9428,4119999.8856,2019-01-31T13:50:00.695000Z
1.14858,1.1486200000000002,1299999.9523,2619999.8856,2019-01-31T13:50:01.041000Z
1.14858,1.1486100000000001,2099999.9046,1000000.0,2019-01-31T13:50:01.354000Z
1.14857,1.1486100000000001,1500000.0,4500000.0,2019-01-31T13:50:01.660000Z
1.14858,1.1486100000000001,1000000.0,1120000.0048,2019-01-31T13:50:01.897000Z
1.14857,1.1486100000000001,10420000.0763,1000000.0,2019-01-31T13:50:02.001000Z
1.14857,1.1486100000000001,3609999.8951,2059999.9428,2019-01-31T13:50:02.104000Z
1.14859,1.1486100000000001,1000000.0,2809999.9428,2019-01-31T13:50:02.359000Z
1.14858,1.1486100000000001,1870000.0048,1750000.0,2019-01-31T13:50:02.462000Z
1.14858,1.1486200000000002,1870000.0048,5849999.9046,2019-01-31T13:50:02.719000Z
1.14858,1.1486200000000002,2069999.9332,8100000.3815,2019-01-31T13:50:02.898000Z
1.14857,1.1486,1120000.0048,1309999.9428,2019-01-31T13:50:03.005000Z
1.14856,1.14859,1870000.0048,1120000.0048,2019-01-31T13:50:03.110000Z
1.14856,1.14859,2069999.9332,1120000.0048,2019-01-31T13:50:03.480000Z
1.14856,1.14859,1000000.0,1120000.0048,2019-01-31T13:50:03.583000Z
1.14857,1.14859,1000000.0,1000000.0,2019-01-31T13:50:04.108000Z
1.14856,1.14859,1000000.0,1500000.0,2019-01-31T13:50:06.034000Z
1.14856,1.14858,2619999.8856,1000000.0,2019-01-31T13:50:06.971000Z
1.14856,1.14859,2619999.8856,1500000.0,2019-01-31T13:50:07.073000Z
1.14856,1.14858,1870000.0048,1500000.0,2019-01-31T13:50:07.176000Z
1.14856,1.14859,1870000.0048,2250000.0,2019-01-31T13:50:07.279000Z
1.14856,1.14858,1870000.0048,1500000.0,2019-01-31T13:50:07.428000Z
1.14856,1.14859,3369999.8856,1000000.0,2019-01-31T13:50:07.695000Z
1.1486,1.1486200000000002,4099999.9046,4869999.8856,2019-01-31T13:50:07.747000Z
1.14863,1.14864,1000000.0,2250000.0,2019-01-31T13:50:07.850000Z
1.1486100000000001,1.14863,4199999.8093,1500000.0,2019-01-31T13:50:07.902000Z
1.1486,1.14864,2509999.9905,1120000.0048,2019-01-31T13:50:08.053000Z
1.1486,1.14864,1750000.0,3869999.8856,2019-01-31T13:50:08.155000Z
1.14859,1.14863,8510000.2289,1120000.0048,2019-01-31T13:50:08.257000Z
1.1486,1.14863,1000000.0,1120000.0048,2019-01-31T13:50:08.362000Z
1.1486100000000001,1.14864,1000000.0,1120000.0048,2019-01-31T13:50:08.536000Z
1.1486,1.14863,2509999.9905,1000000.0,2019-01-31T13:50:08.792000Z
1.1486100000000001,1.14863,1000000.0,1000000.0,2019-01-31T13:50:09.253000Z
1.1486100000000001,1.14864,1000000.0,1690000.0572,2019-01-31T13:50:09.356000Z
1.1486,1.14863,1870000.0048,1120000.0048,2019-01-31T13:50:09.473000Z
1.14859,1.14863,3259999.9905,1120000.0048,2019-01-31T13:50:09.576000Z
1.1486,1.14864,1500000.0,6869999.8856,2019-01-31T13:50:10.261000Z
1.14859,1.14863,4389999.8665,1120000.0048,2019-01-31T13:50:10.415000Z
1.1486100000000001,1.14864,1250000.0,3369999.8856,2019-01-31T13:50:10.517000Z
1.14863,1.14865,1500000.0,2750000.0,2019-01-31T13:50:10.620000Z
1.14863,1.14866,1690000.0572,2700000.0477,2019-01-31T13:50:10.690000Z
1.14863,1.14867,1870000.0048,1870000.0048,2019-01-31T13:50:10.843000Z
1.14863,1.14868,2099999.9046,8489999.7711,2019-01-31T13:50:10.945000Z
1.14863,1.14867,1120000.0048,3309999.9428,2019-01-31T13:50:11.105000Z
1.1486200000000002,1.14865,4320000.1717,1620000.0048,2019-01-31T13:50:11.208000Z
1.1486200000000002,1.14865,1000000.0,1500000.0,2019-01-31T13:50:11.310000Z
1.1486200000000002,1.14866,1950000.0477,6489999.7711,2019-01-31T13:50:11.412000Z
1.1486200000000002,1.14865,1000000.0,3369999.8856,2019-01-31T13:50:11.640000Z
1.1486100000000001,1.14864,1000000.0,7500000.0,2019-01-31T13:50:11.743000Z
1.1486,1.14864,1200000.0477,8670000.0763,2019-01-31T13:50:11.845000Z
1.1486100000000001,1.14864,1000000.0,7320000.1717,2019-01-31T13:50:11.969000Z
1.1486100000000001,1.14864,1000000.0,1500000.0,2019-01-31T13:50:12.123000Z
1.1486200000000002,1.14865,1000000.0,4199999.8093,2019-01-31T13:50:12.225000Z
1.14863,1.14865,1250000.0,1000000.0,2019-01-31T13:50:12.356000Z
1.1486200000000002,1.14866,3569999.9332,2440000.0572,2019-01-31T13:50:12.459000Z
1.14866,1.14868,1000000.0,5320000.1717,2019-01-31T13:50:12.898000Z
1.14867,1.1487,1000000.0,3750000.0,2019-01-31T13:50:13.002000Z
1.14866,1.1487,6070000.1717,3000000.0,2019-01-31T13:50:13.105000Z
1.14867,1.1487100000000001,1000000.0,5940000.0572,2019-01-31T13:50:13.287000Z
1.14866,1.1487,3369999.8856,1120000.0048,2019-01-31T13:50:13.855000Z
1.14867,1.1487,1870000.0048,1000000.0,2019-01-31T13:50:14.725000Z
1.14868,1.1487,1000000.0,1500000.0,2019-01-31T13:50:14.827000Z
1.14868,1.1487200000000002,1000000.0,8000000.0,2019-01-31T13:50:15.105000Z
1.1487100000000001,1.1487200000000002,1500000.0,1000000.0,2019-01-31T13:50:15.157000Z
1.1487200000000002,1.14874,1000000.0,1000000.0,2019-01-31T13:50:15.260000Z
1.1487100000000001,1.14874,2250000.0,1000000.0,2019-01-31T13:50:15.362000Z
1.1487200000000002,1.14874,1000000.0,1000000.0,2019-01-31T13:50:15.657000Z
1.1487100000000001,1.1487500000000002,1000000.0,7309999.9428,2019-01-31T13:50:15.759000Z
1.1487,1.1487500000000002,5119999.8856,10500000.0,2019-01-31T13:50:15.963000Z
1.1487100000000001,1.14873,1000000.0,1000000.0,2019-01-31T13:50:16.121000Z
1.1487,1.14874,4119999.8856,1500000.0,2019-01-31T13:50:16.223000Z
1.1487100000000001,1.1487500000000002,1000000.0,1870000.0048,2019-01-31T13:50:16.325000Z
1.1487200000000002,1.14876,1000000.0,9560000.4196,2019-01-31T13:50:16.427000Z
1.1487200000000002,1.1487500000000002,1000000.0,1500000.0,2019-01-31T13:50:16.644000Z
1.1487200000000002,1.14876,1000000.0,8060000.4196,2019-01-31T13:50:16.747000Z
1.1487200000000002,1.1487500000000002,1000000.0,1000000.0,2019-01-31T13:50:16.849000Z
1.14873,1.14876,1250000.0,7500000.0,2019-01-31T13:50:17.100000Z
1.1487500000000002,1.14876,1500000.0,1000000.0,2019-01-31T13:50:17.216000Z
1.14877,1.14879,1000000.0,1000000.0,2019-01-31T13:50:17.268000Z
1.14878,1.1488,1500000.0,2250000.0,2019-01-31T13:50:17.370000Z
1.14879,1.1488200000000002,1000000.0,2700000.0477,2019-01-31T13:50:17.474000Z
1.14878,1.1488200000000002,1950000.0477,1500000.0,2019-01-31T13:50:17.588000Z
1.14878,1.1488200000000002,1120000.0048,4809999.9428,2019-01-31T13:50:17.690000Z
1.14878,1.1488,1500000.0,1000000.0,2019-01-31T13:50:17.843000Z
1.14877,1.1488,2250000.0,1000000.0,2019-01-31T13:50:17.946000Z
1.14878,1.14879,1000000.0,1000000.0,2019-01-31T13:50:18.030000Z
1.14874,1.1487500000000002,1500000.0,1500000.0,2019-01-31T13:50:18.134000Z
1.1487200000000002,1.1487500000000002,1000000.0,3690000.0572,2019-01-31T13:50:18.186000Z
1.1487200000000002,1.14874,1250000.0,2119999.8856,2019-01-31T13:50:18.341000Z
1.1487200000000002,1.1487500000000002,1000000.0,5639999.8665,2019-01-31T13:50:18.517000Z
1.14873,1.1487500000000002,1000000.0,5639999.8665,2019-01-31T13:50:18.635000Z
1.1487200000000002,1.1487500000000002,1000000.0,5639999.8665,2019-01-31T13:50:18.737000Z
1.1487100000000001,1.1487500000000002,1250000.0,5940000.0572,2019-01-31T13:50:18.840000Z
1.1487,1.14874,2509999.9905,2140000.1049,2019-01-31T13:50:19.235000Z
1.1487100000000001,1.1487500000000002,1000000.0,2940000.0572,2019-01-31T13:50:19.389000Z
1.1487200000000002,1.14874,1250000.0,1120000.0048,2019-01-31T13:50:19.857000Z
