bid,ask,bid_vol,ask_vol,time
1.11871,1.1187500000000001,2140000.1049,2440000.0572,2019-12-30T13:45:00.140000Z
1.1187200000000002,1.11874,370000.0048,1120000.0048,2019-12-30T13:45:00.838000Z
1.11871,1.11874,2509999.9905,1120000.0048,2019-12-30T13:45:01.169000Z
1.11871,1.11873,2509999.9905,750000.0,2019-12-30T13:45:01.270000Z
1.11871,1.1187200000000002,750000.0,189999.9976,2019-12-30T13:45:02.616000Z
1.1187,1.1187200000000002,1389999.9857,189999.9976,2019-12-30T13:45:06.128000Z
1.1187,1.11871,750000.0,560000.0024,2019-12-30T13:45:06.230000Z
1.11869,1.1187,750000.0,939999.9976,2019-12-30T13:45:06.331000Z
1.11867,1.1187,100000.0015,1690000.0572,2019-12-30T13:45:06.433000Z
1.11866,1.1187,2400000.0954,939999.9976,2019-12-30T13:45:06.534000Z
1.11866,1.11869,2890000.1049,370000.0048,2019-12-30T13:45:08.744000Z
1.1186500000000001,1.11868,1570000.0525,189999.9976,2019-12-30T13:45:08.845000Z
1.11864,1.11867,5139999.8665,2059999.9428,2019-12-30T13:45:09.149000Z
1.11863,1.1186500000000001,1870000.0048,560000.0024,2019-12-30T13:45:09.250000Z
1.1186200000000002,1.1186500000000001,1500000.0,639999.9857,2019-12-30T13:45:09.352000Z
1.11863,1.11866,1500000.0,1309999.9428,2019-12-30T13:45:10.067000Z
1.11864,1.11867,1500000.0,4119999.8856,2019-12-30T13:45:10.169000Z
1.11863,1.1186500000000001,1120000.0048,939999.9976,2019-12-30T13:45:11.120000Z
1.11863,1.1186500000000001,750000.0,1309999.9428,2019-12-30T13:45:12.685000Z
1.11861,1.11864,3150000.0954,189999.9976,2019-12-30T13:45:13.636000Z
1.1186,1.11863,750000.0,819999.9928,2019-12-30T13:45:13.777000Z
1.1186,1.1186200000000002,750000.0,189999.9976,2019-12-30T13:45:13.879000Z
1.1186,1.11864,4869999.8856,3450000.0477,2019-12-30T13:45:14.385000Z
1.11863,1.11864,750000.0,1570000.0525,2019-12-30T13:45:14.436000Z
1.11863,1.11866,939999.9976,639999.9857,2019-12-30T13:45:14.537000Z
1.1186500000000001,1.11867,750000.0,2440000.0572,2019-12-30T13:45:15.269000Z
1.11864,1.11868,3190000.0572,1500000.0,2019-12-30T13:45:15.370000Z
1.11866,1.11868,939999.9976,1690000.0572,2019-12-30T13:45:15.478000Z
1.11866,1.11869,3190000.0572,750000.0,2019-12-30T13:45:16.108000Z
1.11866,1.11868,1870000.0048,750000.0,2019-12-30T13:45:16.512000Z
1.1186500000000001,1.11867,1309999.9428,750000.0,2019-12-30T13:45:16.881000Z
1.1186500000000001,1.11866,750000.0,750000.0,2019-12-30T13:45:16.982000Z
1.11864,1.11866,750000.0,939999.9976,2019-12-30T13:45:17.134000Z
1.11864,1.1186500000000001,750000.0,1500000.0,2019-12-30T13:45:17.387000Z
1.1186200000000002,1.1186500000000001,4460000.0381,1690000.0572,2019-12-30T13:45:17.438000Z
1.1186200000000002,1.11864,750000.0,750000.0,2019-12-30T13:45:17.539000Z
1.11861,1.11864,939999.9976,2250000.0,2019-12-30T13:45:17.641000Z
1.1186200000000002,1.1186500000000001,819999.9928,2319999.9332,2019-12-30T13:45:18.061000Z
1.11864,1.1186500000000001,750000.0,939999.9976,2019-12-30T13:45:18.163000Z
1.11863,1.1186500000000001,750000.0,750000.0,2019-12-30T13:45:18.265000Z
1.1186200000000002,1.1186500000000001,1120000.0048,3559999.9428,2019-12-30T13:45:18.366000Z
1.1186200000000002,1.11864,750000.0,1500000.0,2019-12-30T13:45:18.468000Z
1.1186,1.1186200000000002,1870000.0048,750000.0,2019-12-30T13:45:19.049000Z
1.11859,1.1186,4010000.2289,750000.0,2019-12-30T13:45:19.176000Z
1.11857,1.11859,819999.9928,1120000.0048,2019-12-30T13:45:19.280000Z
1.11858,1.1186,750000.0,939999.9976,2019-12-30T13:45:19.382000Z
1.11859,1.1186,750000.0,750000.0,2019-12-30T13:45:19.483000Z
1.11858,1.1186,750000.0,2059999.9428,2019-12-30T13:45:20.130000Z
1.11857,1.11859,1120000.0048,750000.0,2019-12-30T13:45:20.181000Z
1.11857,1.11858,750000.0,750000.0,2019-12-30T13:45:20.334000Z
1.11857,1.11859,750000.0,3819999.9332,2019-12-30T13:45:22.831000Z
1.11856,1.11859,939999.9976,2319999.9332,2019-12-30T13:45:25.148000Z
1.11857,1.11859,750000.0,1500000.0,2019-12-30T13:45:26.714000Z
1.11856,1.11859,2059999.9428,750000.0,2019-12-30T13:45:27.687000Z
1.11856,1.11858,939999.9976,1120000.0048,2019-12-30T13:45:27.795000Z
1.1185500000000002,1.11857,750000.0,1120000.0048,2019-12-30T13:45:28.978000Z
1.1185500000000002,1.11856,750000.0,750000.0,2019-12-30T13:45:29.080000Z
1.11853,1.1185500000000002,2809999.9428,189999.9976,2019-12-30T13:45:29.610000Z
1.11854,1.1185500000000002,1500000.0,370000.0048,2019-12-30T13:45:30.180000Z
1.1185500000000002,1.11857,750000.0,2140000.1049,2019-12-30T13:45:30.268000Z
1.11854,1.11857,3559999.9428,750000.0,2019-12-30T13:45:31.440000Z
1.11854,1.11858,3190000.0572,939999.9976,2019-12-30T13:45:34.281000Z
1.1185500000000002,1.11857,189999.9976,750000.0,2019-12-30T13:45:40.760000Z
1.11856,1.11858,750000.0,259999.9905,2019-12-30T13:45:45.039000Z
1.11856,1.11859,2059999.9428,4869999.8856,2019-12-30T13:45:45.506000Z
1.11859,1.11861,750000.0,3450000.0477,2019-12-30T13:45:45.608000Z
1.1186200000000002,1.11864,1500000.0,4010000.2289,2019-12-30T13:45:45.723000Z
1.11863,1.11864,560000.0024,750000.0,2019-12-30T13:45:45.827000Z
1.1186200000000002,1.11864,2619999.8856,1690000.0572,2019-12-30T13:45:45.928000Z
1.1186200000000002,1.11863,189999.9976,750000.0,2019-12-30T13:45:46.030000Z
1.11861,1.1186200000000002,1309999.9428,1500000.0,2019-12-30T13:45:46.131000Z
1.11859,1.11861,750000.0,750000.0,2019-12-30T13:45:46.232000Z
1.1186,1.11863,750000.0,5440000.0572,2019-12-30T13:45:46.334000Z
1.11859,1.1186200000000002,3369999.8856,370000.0048,2019-12-30T13:45:47.352000Z
1.11859,1.1186,1309999.9428,1120000.0048,2019-12-30T13:45:47.917000Z
1.11858,1.1186,1500000.0,750000.0,2019-12-30T13:45:48.019000Z
1.1186,1.1186200000000002,750000.0,1120000.0048,2019-12-30T13:45:50.698000Z
1.1186,1.11863,750000.0,2809999.9428,2019-12-30T13:45:50.799000Z
1.1186,1.1186200000000002,750000.0,750000.0,2019-12-30T13:45:54.440000Z
1.1186,1.11863,750000.0,939999.9976,2019-12-30T13:45:54.568000Z
1.11858,1.11861,1120000.0048,1500000.0,2019-12-30T13:45:54.669000Z
1.11858,1.1186,370000.0048,1120000.0048,2019-12-30T13:45:55.900000Z
1.11857,1.11859,370000.0048,750000.0,2019-12-30T13:45:56.002000Z
1.11856,1.11859,1690000.0572,2250000.0,2019-12-30T13:45:56.305000Z
1.11856,1.11857,1120000.0048,189999.9976,2019-12-30T13:45:57.040000Z
1.1185500000000002,1.11857,2809999.9428,189999.9976,2019-12-30T13:45:58.198000Z
1.1185500000000002,1.11857,3940000.0572,189999.9976,2019-12-30T13:46:03.277000Z
1.11856,1.11858,1120000.0048,1500000.0,2019-12-30T13:46:04.768000Z
1.11856,1.11858,750000.0,2440000.0572,2019-12-30T13:46:05.778000Z
1.1185500000000002,1.11857,2250000.0,189999.9976,2019-12-30T13:46:08.316000Z
1.11856,1.11857,750000.0,189999.9976,2019-12-30T13:46:12.291000Z
1.1185500000000002,1.11857,1500000.0,939999.9976,2019-12-30T13:46:14.272000Z
1.11856,1.11857,750000.0,189999.9976,2019-12-30T13:46:15.532000Z
1.11856,1.11858,750000.0,2440000.0572,2019-12-30T13:46:16.899000Z
1.11856,1.11857,750000.0,1500000.0,2019-12-30T13:46:17.776000Z
1.11854,1.1185500000000002,750000.0,189999.9976,2019-12-30T13:46:17.827000Z
1.11853,1.1185500000000002,1690000.0572,189999.9976,2019-12-30T13:46:17.921000Z
1.11854,1.1185500000000002,750000.0,189999.9976,2019-12-30T13:46:18.174000Z
1.11853,1.1185500000000002,2619999.8856,189999.9976,2019-12-30T13:46:18.275000Z
1.11854,1.1185500000000002,750000.0,189999.9976,2019-12-30T13:46:18.647000Z
1.1185500000000002,1.11857,1500000.0,3069999.9332,2019-12-30T13:46:18.750000Z
1.11854,1.11858,2319999.9332,2140000.1049,2019-12-30T13:46:18.852000Z
1.11854,1.11857,2250000.0,370000.0048,2019-12-30T13:46:21.060000Z
1.11853,1.1185500000000002,1309999.9428,750000.0,2019-12-30T13:46:21.214000Z
1.1185200000000002,1.1185500000000002,3190000.0572,1120000.0048,2019-12-30T13:46:21.319000Z
1.1185200000000002,1.11856,9260000.2289,3450000.0477,2019-12-30T13:46:21.421000Z
1.11853,1.11856,4119999.8856,750000.0,2019-12-30T13:46:21.522000Z
1.11854,1.11858,2890000.1049,4010000.2289,2019-12-30T13:46:21.624000Z
1.1185500000000002,1.11858,1500000.0,2250000.0,2019-12-30T13:46:21.776000Z
1.1185500000000002,1.11858,750000.0,2250000.0,2019-12-30T13:46:21.877000Z
1.1185500000000002,1.11857,939999.9976,750000.0,2019-12-30T13:46:25.288000Z
1.1185500000000002,1.11858,939999.9976,2319999.9332,2019-12-30T13:46:25.409000Z
1.1185500000000002,1.11858,2619999.8856,2250000.0,2019-12-30T13:46:25.726000Z
1.1185500000000002,1.11858,3000000.0,1500000.0,2019-12-30T13:46:25.827000Z
1.11856,1.11859,370000.0048,3000000.0,2019-12-30T13:46:25.929000Z
1.11858,1.1186,1690000.0572,1870000.0048,2019-12-30T13:46:26.031000Z
1.11859,1.1186200000000002,4119999.8856,1309999.9428,2019-12-30T13:46:26.133000Z
1.1186,1.11863,1500000.0,1120000.0048,2019-12-30T13:46:26.184000Z
1.1186,1.11863,750000.0,2440000.0572,2019-12-30T13:46:30.543000Z
1.11861,1.11863,1500000.0,750000.0,2019-12-30T13:46:33.937000Z
1.11864,1.1186500000000001,2250000.0,370000.0048,2019-12-30T13:46:33.988000Z
1.11864,1.11867,1500000.0,2509999.9905,2019-12-30T13:46:34.121000Z
1.1186500000000001,1.11867,1500000.0,750000.0,2019-12-30T13:46:34.271000Z
1.1186500000000001,1.11868,2809999.9428,750000.0,2019-12-30T13:46:34.373000Z
1.1186500000000001,1.11869,2059999.9428,2619999.8856,2019-12-30T13:46:34.481000Z
1.1186500000000001,1.11868,2059999.9428,100000.0015,2019-12-30T13:46:34.715000Z
1.11866,1.11869,370000.0048,2769999.9809,2019-12-30T13:46:38.001000Z
1.1186500000000001,1.11869,6190000.0572,2619999.8856,2019-12-30T13:46:38.153000Z
1.1186500000000001,1.11868,4690000.0572,100000.0015,2019-12-30T13:46:38.305000Z
1.11866,1.11868,189999.9976,1759999.9905,2019-12-30T13:46:38.608000Z
1.11866,1.11867,189999.9976,750000.0,2019-12-30T13:46:39.358000Z
1.11866,1.11868,189999.9976,2809999.9428,2019-12-30T13:46:39.789000Z
1.11866,1.11867,189999.9976,750000.0,2019-12-30T13:46:40.348000Z
1.11867,1.11868,750000.0,1690000.0572,2019-12-30T13:46:43.971000Z
1.11868,1.11869,750000.0,1500000.0,2019-12-30T13:46:44.072000Z
1.11868,1.1187,2250000.0,750000.0,2019-12-30T13:46:44.174000Z
1.11867,1.11869,2809999.9428,3559999.9428,2019-12-30T13:46:44.276000Z
1.1186500000000001,1.11867,939999.9976,750000.0,2019-12-30T13:46:44.377000Z
1.1186500000000001,1.11868,939999.9976,3150000.0954,2019-12-30T13:46:44.579000Z
1.1186500000000001,1.11867,2059999.9428,750000.0,2019-12-30T13:46:45.341000Z
1.1186500000000001,1.11868,1309999.9428,2700000.0477,2019-12-30T13:46:45.857000Z
1.11866,1.11868,750000.0,2319999.9332,2019-12-30T13:46:48.276000Z
1.1186500000000001,1.11868,560000.0024,1570000.0525,2019-12-30T13:46:50.810000Z
1.11864,1.1186500000000001,819999.9928,750000.0,2019-12-30T13:46:50.911000Z
1.11861,1.11863,939999.9976,1500000.0,2019-12-30T13:46:51.013000Z
1.11861,1.11864,189999.9976,4199999.8093,2019-12-30T13:46:51.216000Z
1.1186,1.11863,2700000.0477,1500000.0,2019-12-30T13:46:51.318000Z
1.1186,1.11864,3450000.0477,6639999.8665,2019-12-30T13:46:51.419000Z
1.1186,1.11863,3450000.0477,750000.0,2019-12-30T13:46:51.678000Z
1.1186,1.11864,4199999.8093,5889999.8665,2019-12-30T13:46:51.932000Z
1.1186,1.11863,4949999.8093,750000.0,2019-12-30T13:46:52.034000Z
1.1186200000000002,1.11864,1500000.0,3940000.0572,2019-12-30T13:46:52.085000Z
1.11864,1.1186500000000001,750000.0,1500000.0,2019-12-30T13:46:52.188000Z
1.11863,1.1186500000000001,1500000.0,189999.9976,2019-12-30T13:46:52.290000Z
1.1186200000000002,1.1186500000000001,2250000.0,2059999.9428,2019-12-30T13:46:53.123000Z
1.11863,1.1186500000000001,750000.0,2809999.9428,2019-12-30T13:46:53.224000Z
1.1186200000000002,1.1186500000000001,2250000.0,2059999.9428,2019-12-30T13:46:53.326000Z
1.11863,1.1186500000000001,750000.0,1120000.0048,2019-12-30T13:46:54.785000Z
1.11864,1.1186500000000001,750000.0,1500000.0,2019-12-30T13:46:55.398000Z
1.1186200000000002,1.1186500000000001,1500000.0,3750000.0,2019-12-30T13:46:55.500000Z
1.11861,1.11863,2319999.9332,750000.0,2019-12-30T13:46:55.551000Z
1.11859,1.1186,1120000.0048,1120000.0048,2019-12-30T13:47:00.430000Z
1.11859,1.11861,560000.0024,1690000.0572,2019-12-30T13:47:00.532000Z
1.11858,1.11861,3750000.0,1690000.0572,2019-12-30T13:47:00.634000Z
1.11859,1.11861,2440000.0572,750000.0,2019-12-30T13:47:00.744000Z
1.11859,1.1186200000000002,4760000.2289,750000.0,2019-12-30T13:47:00.969000Z
1.1186,1.1186200000000002,750000.0,750000.0,2019-12-30T13:47:01.070000Z
1.1186,1.11863,750000.0,4869999.8856,2019-12-30T13:47:01.369000Z
1.11861,1.11863,750000.0,2250000.0,2019-12-30T13:47:01.471000Z
1.11864,1.1186500000000001,750000.0,6449999.8093,2019-12-30T13:47:01.623000Z
1.11867,1.11869,1500000.0,2140000.1049,2019-12-30T13:47:01.725000Z
1.11868,1.1187,2250000.0,2250000.0,2019-12-30T13:47:01.928000Z
1.11868,1.1187,750000.0,1500000.0,2019-12-30T13:47:02.130000Z
1.11867,1.11869,189999.9976,750000.0,2019-12-30T13:47:02.232000Z
1.11866,1.11869,939999.9976,3000000.0,2019-12-30T13:47:02.389000Z
1.1186500000000001,1.11869,3190000.0572,5139999.8665,2019-12-30T13:47:02.491000Z
1.1186500000000001,1.11868,2440000.0572,3259999.9905,2019-12-30T13:47:02.593000Z
1.1186500000000001,1.11867,750000.0,750000.0,2019-12-30T13:47:02.695000Z
1.1186500000000001,1.11868,750000.0,4309999.9428,2019-12-30T13:47:02.796000Z
1.1186500000000001,1.11867,750000.0,750000.0,2019-12-30T13:47:03.461000Z
1.1186500000000001,1.11868,750000.0,4389999.8665,2019-12-30T13:47:07.920000Z
1.1186500000000001,1.11867,750000.0,750000.0,2019-12-30T13:47:11.982000Z
1.1186500000000001,1.11868,750000.0,3940000.0572,2019-12-30T13:47:13.378000Z
1.11864,1.11866,3750000.0,1500000.0,2019-12-30T13:47:16.088000Z
1.11863,1.11864,1120000.0048,750000.0,2019-12-30T13:47:16.190000Z
1.1186200000000002,1.11864,1309999.9428,3190000.0572,2019-12-30T13:47:16.293000Z
1.1186,1.1186200000000002,2250000.0,750000.0,2019-12-30T13:47:16.395000Z
1.11861,1.1186200000000002,1309999.9428,750000.0,2019-12-30T13:47:17.166000Z
1.1186,1.1186200000000002,189999.9976,750000.0,2019-12-30T13:47:17.322000Z
1.11861,1.1186200000000002,750000.0,750000.0,2019-12-30T13:47:17.652000Z
1.11859,1.11863,5250000.0,5960000.0381,2019-12-30T13:47:20.614000Z
1.11859,1.1186200000000002,1500000.0,3000000.0,2019-12-30T13:47:20.716000Z
1.11858,1.1186,3940000.0572,3190000.0572,2019-12-30T13:47:20.767000Z
1.11856,1.1186,8060000.4196,3750000.0,2019-12-30T13:47:20.869000Z
1.11857,1.1186,2250000.0,3000000.0,2019-12-30T13:47:21.021000Z
1.11856,1.11859,2809999.9428,750000.0,2019-12-30T13:47:23.424000Z
1.11856,1.11858,2059999.9428,750000.0,2019-12-30T13:47:23.526000Z
1.11857,1.11858,750000.0,750000.0,2019-12-30T13:47:24.396000Z
1.11858,1.1186,1500000.0,819999.9928,2019-12-30T13:47:24.447000Z
1.11857,1.11859,750000.0,750000.0,2019-12-30T13:47:26.889000Z
1.11856,1.11859,3940000.0572,3000000.0,2019-12-30T13:47:26.991000Z
1.11856,1.11858,1690000.0572,750000.0,2019-12-30T13:47:28.327000Z
1.11856,1.11859,1690000.0572,2250000.0,2019-12-30T13:47:29.411000Z
1.11858,1.1186,2809999.9428,750000.0,2019-12-30T13:47:29.513000Z
1.11859,1.11861,939999.9976,750000.0,2019-12-30T13:47:29.614000Z
1.11859,1.11863,939999.9976,4500000.0,2019-12-30T13:47:31.902000Z
1.1186,1.11863,750000.0,750000.0,2019-12-30T13:47:32.005000Z
1.11861,1.11863,750000.0,750000.0,2019-12-30T13:47:32.115000Z
1.1186,1.11863,750000.0,750000.0,2019-12-30T13:47:32.218000Z
1.11859,1.11863,4309999.9428,1500000.0,2019-12-30T13:47:32.744000Z
1.11859,1.1186200000000002,2890000.1049,750000.0,2019-12-30T13:47:37.162000Z
1.11859,1.11863,4869999.8856,3190000.0572,2019-12-30T13:47:40.116000Z
1.1186,1.11863,750000.0,3369999.8856,2019-12-30T13:47:40.516000Z
1.11859,1.1186,750000.0,1870000.0048,2019-12-30T13:47:58.278000Z
1.11857,1.11858,750000.0,750000.0,2019-12-30T13:47:58.379000Z
1.11856,1.11859,3369999.8856,4760000.2289,2019-12-30T13:47:58.481000Z
1.11856,1.11858,939999.9976,750000.0,2019-12-30T13:47:58.785000Z
1.11856,1.11859,2250000.0,5510000.2289,2019-12-30T13:47:58.886000Z
1.11856,1.11858,750000.0,939999.9976,2019-12-30T13:47:59.166000Z
1.11857,1.11859,750000.0,1500000.0,2019-12-30T13:48:03.716000Z
1.11856,1.11859,2890000.1049,750000.0,2019-12-30T13:48:03.817000Z
1.11857,1.11859,750000.0,560000.0024,2019-12-30T13:48:04.185000Z
1.11856,1.11859,1120000.0048,189999.9976,2019-12-30T13:48:04.834000Z
1.11856,1.11858,750000.0,750000.0,2019-12-30T13:48:05.036000Z
1.11856,1.11859,750000.0,1500000.0,2019-12-30T13:48:05.190000Z
1.11859,1.11861,750000.0,6820000.1717,2019-12-30T13:48:05.658000Z
1.11859,1.1186200000000002,1309999.9428,370000.0048,2019-12-30T13:48:05.761000Z
1.11859,1.11863,1870000.0048,1690000.0572,2019-12-30T13:48:06.798000Z
1.1186,1.1186200000000002,189999.9976,189999.9976,2019-12-30T13:48:12.201000Z
1.11859,1.1186200000000002,1690000.0572,750000.0,2019-12-30T13:48:12.302000Z
1.11859,1.11863,939999.9976,2809999.9428,2019-12-30T13:48:12.403000Z
1.1186,1.1186200000000002,750000.0,370000.0048,2019-12-30T13:48:18.065000Z
1.11861,1.11863,1500000.0,2250000.0,2019-12-30T13:48:18.166000Z
1.1186,1.11863,1690000.0572,1500000.0,2019-12-30T13:48:18.268000Z
1.11859,1.11863,2440000.0572,3190000.0572,2019-12-30T13:48:19.482000Z
1.11859,1.1186200000000002,3940000.0572,750000.0,2019-12-30T13:48:22.666000Z
1.11859,1.11863,5440000.0572,4690000.0572,2019-12-30T13:48:24.056000Z
1.11859,1.1186200000000002,6750000.0,750000.0,2019-12-30T13:48:24.894000Z
1.1186200000000002,1.11863,750000.0,750000.0,2019-12-30T13:48:27.848000Z
1.1186200000000002,1.11864,750000.0,2250000.0,2019-12-30T13:48:27.949000Z
1.11861,1.11864,4309999.9428,750000.0,2019-12-30T13:48:28.051000Z
1.11861,1.11863,1690000.0572,750000.0,2019-12-30T13:48:28.253000Z
1.11861,1.11864,1500000.0,3559999.9428,2019-12-30T13:48:28.576000Z
1.1186200000000002,1.11864,750000.0,2250000.0,2019-12-30T13:48:31.198000Z
1.11861,1.11863,3750000.0,750000.0,2019-12-30T13:48:38.238000Z
1.11861,1.11864,939999.9976,2700000.0477,2019-12-30T13:48:41.558000Z
1.11861,1.11863,1690000.0572,750000.0,2019-12-30T13:48:42.179000Z
1.11861,1.11864,939999.9976,2250000.0,2019-12-30T13:48:42.294000Z
1.11861,1.1186200000000002,750000.0,1500000.0,2019-12-30T13:48:44.897000Z
1.11859,1.1186200000000002,8319999.6948,750000.0,2019-12-30T13:48:44.948000Z
1.11859,1.1186,750000.0,5139999.8665,2019-12-30T13:48:45Z
1.11856,1.11858,449999.9881,750000.0,2019-12-30T13:48:45.050000Z
1.1185500000000002,1.11858,4119999.8856,1500000.0,2019-12-30T13:48:48.343000Z
1.11859,1.1186,750000.0,1950000.0477,2019-12-30T13:48:51.761000Z
1.1186,1.11861,189999.9976,750000.0,2019-12-30T13:48:51.862000Z
1.1186,1.1186200000000002,939999.9976,4690000.0572,2019-12-30T13:48:55.885000Z
1.1186,1.11861,189999.9976,750000.0,2019-12-30T13:48:56.406000Z
1.11859,1.1186200000000002,939999.9976,2250000.0,2019-12-30T13:48:57.619000Z
1.1186200000000002,1.11863,1309999.9428,750000.0,2019-12-30T13:48:59.673000Z
1.11863,1.11864,370000.0048,100000.0015,2019-12-30T13:48:59.724000Z
1.11863,1.1186500000000001,1120000.0048,750000.0,2019-12-30T13:48:59.825000Z
1.11863,1.11866,560000.0024,3000000.0,2019-12-30T13:49:03.276000Z
1.11864,1.11866,939999.9976,750000.0,2019-12-30T13:49:04.045000Z
1.11863,1.11866,2250000.0,2250000.0,2019-12-30T13:49:04.553000Z
1.1186200000000002,1.11864,2250000.0,750000.0,2019-12-30T13:49:04.604000Z
1.11861,1.11863,1570000.0525,2250000.0,2019-12-30T13:49:04.706000Z
1.11861,1.11864,189999.9976,3750000.0,2019-12-30T13:49:06.290000Z
1.11861,1.11863,1690000.0572,750000.0,2019-12-30T13:49:12.276000Z
1.11861,1.11864,750000.0,4199999.8093,2019-12-30T13:49:14.817000Z
1.11861,1.11863,939999.9976,750000.0,2019-12-30T13:49:18.668000Z
1.11861,1.11864,189999.9976,3750000.0,2019-12-30T13:49:21.247000Z
1.11861,1.11863,560000.0024,750000.0,2019-12-30T13:49:26.060000Z
1.11861,1.11864,2509999.9905,750000.0,2019-12-30T13:49:29.128000Z
1.11863,1.11866,2809999.9428,1500000.0,2019-12-30T13:49:29.230000Z
1.11864,1.11866,100000.0015,750000.0,2019-12-30T13:49:29.332000Z
1.11863,1.11866,3559999.9428,750000.0,2019-12-30T13:49:29.433000Z
1.1186200000000002,1.11864,1500000.0,750000.0,2019-12-30T13:49:29.787000Z
1.1186200000000002,1.11864,750000.0,1500000.0,2019-12-30T13:49:29.888000Z
1.1186200000000002,1.11863,939999.9976,750000.0,2019-12-30T13:49:29.990000Z
1.11861,1.11864,560000.0024,5059999.9428,2019-12-30T13:49:30.041000Z
1.1186,1.11864,1870000.0048,5059999.9428,2019-12-30T13:49:30.142000Z
1.11861,1.11863,750000.0,750000.0,2019-12-30T13:49:30.243000Z
1.1186200000000002,1.11863,189999.9976,750000.0,2019-12-30T13:49:31.539000Z
1.11861,1.11863,939999.9976,750000.0,2019-12-30T13:49:31.725000Z
1.11861,1.11864,189999.9976,3750000.0,2019-12-30T13:49:34.512000Z
1.11861,1.11864,189999.9976,5989999.7711,2019-12-30T13:49:34.613000Z
1.11859,1.11863,3640000.1049,7690000.0572,2019-12-30T13:49:36.885000Z
1.1186,1.11861,750000.0,4010000.2289,2019-12-30T13:49:36.936000Z
1.11857,1.11859,750000.0,2250000.0,2019-12-30T13:49:37.038000Z
1.11856,1.11859,939999.9976,1500000.0,2019-12-30T13:49:37.139000Z
1.11857,1.11858,750000.0,750000.0,2019-12-30T13:49:48.089000Z
1.11859,1.1186,750000.0,2059999.9428,2019-12-30T13:49:49.019000Z
1.11859,1.1186200000000002,939999.9976,3190000.0572,2019-12-30T13:49:49.120000Z
1.11858,1.1186200000000002,4760000.2289,3640000.1049,2019-12-30T13:49:50.682000Z
1.11859,1.1186200000000002,750000.0,4309999.9428,2019-12-30T13:49:50.783000Z
1.11858,1.1186200000000002,4389999.8665,3559999.9428,2019-12-30T13:49:50.960000Z
1.11859,1.11861,750000.0,750000.0,2019-12-30T13:49:52.105000Z
1.11859,1.1186200000000002,939999.9976,750000.0,2019-12-30T13:49:53.107000Z
1.11859,1.11863,939999.9976,5059999.9428,2019-12-30T13:49:54.256000Z
1.11859,1.1186200000000002,1690000.0572,750000.0,2019-12-30T13:49:54.408000Z
1.11859,1.11863,939999.9976,5809999.9428,2019-12-30T13:49:55.815000Z
1.11859,1.1186200000000002,1120000.0048,560000.0024,2019-12-30T13:49:58.124000Z
1.11859,1.11863,1309999.9428,4869999.8856,2019-12-30T13:50:00.024000Z
1.1186,1.1186200000000002,750000.0,750000.0,2019-12-30T13:50:00.304000Z
1.11859,1.11863,1690000.0572,6559999.9428,2019-12-30T13:50:03.277000Z
1.11859,1.1186,750000.0,750000.0,2019-12-30T13:50:04.268000Z
1.11858,1.11861,3559999.9428,3750000.0,2019-12-30T13:50:04.369000Z
1.11859,1.11861,750000.0,750000.0,2019-12-30T13:50:04.471000Z
1.11858,1.1186,3000000.0,750000.0,2019-12-30T13:50:04.589000Z
1.1186,1.11861,189999.9976,560000.0024,2019-12-30T13:50:05.600000Z
1.1186,1.1186200000000002,189999.9976,939999.9976,2019-12-30T13:50:05.810000Z
1.11858,1.1186200000000002,5059999.9428,4690000.0572,2019-12-30T13:50:09.675000Z
1.11858,1.1186,2059999.9428,750000.0,2019-12-30T13:50:09.878000Z
1.11858,1.11861,1309999.9428,2250000.0,2019-12-30T13:50:10.103000Z
1.11858,1.1186200000000002,1690000.0572,6000000.0,2019-12-30T13:50:10.923000Z
1.11859,1.1186200000000002,189999.9976,1500000.0,2019-12-30T13:50:11.024000Z
1.11859,1.11863,2140000.1049,4690000.0572,2019-12-30T13:50:11.126000Z
1.11859,1.1186200000000002,2890000.1049,750000.0,2019-12-30T13:50:11.227000Z
1.11859,1.11863,2140000.1049,3190000.0572,2019-12-30T13:50:11.578000Z
1.11859,1.1186200000000002,2440000.0572,100000.0015,2019-12-30T13:50:13.079000Z
1.1186,1.11863,3190000.0572,750000.0,2019-12-30T13:50:15.104000Z
1.1186200000000002,1.1186500000000001,2250000.0,1200000.0477,2019-12-30T13:50:15.205000Z
1.11863,1.11866,750000.0,5510000.2289,2019-12-30T13:50:15.307000Z
1.11863,1.1186500000000001,750000.0,750000.0,2019-12-30T13:50:16.536000Z
1.11864,1.1186500000000001,750000.0,750000.0,2019-12-30T13:50:18.155000Z
1.11863,1.1186500000000001,4690000.0572,750000.0,2019-12-30T13:50:18.359000Z
1.11864,1.1186500000000001,750000.0,750000.0,2019-12-30T13:50:19.245000Z
1.11863,1.1186500000000001,1500000.0,750000.0,2019-12-30T13:50:19.402000Z
1.11864,1.1186500000000001,750000.0,750000.0,2019-12-30T13:50:20.559000Z
1.1186200000000002,1.11864,370000.0048,3750000.0,2019-12-30T13:50:21.386000Z
1.11861,1.11864,2319999.9332,4500000.0,2019-12-30T13:50:21.459000Z
1.1186,1.11864,2809999.9428,4949999.8093,2019-12-30T13:50:21.560000Z
1.1186,1.11863,2809999.9428,750000.0,2019-12-30T13:50:21.661000Z
1.1186,1.11864,2809999.9428,4949999.8093,2019-12-30T13:50:21.763000Z
1.1186,1.11863,2809999.9428,750000.0,2019-12-30T13:50:21.973000Z
1.11861,1.11863,189999.9976,750000.0,2019-12-30T13:50:22.433000Z
1.1186,1.1186200000000002,370000.0048,750000.0,2019-12-30T13:50:26.547000Z
1.11859,1.11861,750000.0,3000000.0,2019-12-30T13:50:26.699000Z
1.11858,1.11861,2440000.0572,4949999.8093,2019-12-30T13:50:26.801000Z
1.11858,1.1186,2059999.9428,750000.0,2019-12-30T13:50:27.053000Z
1.11857,1.1186,2809999.9428,750000.0,2019-12-30T13:50:31.303000Z
1.11857,1.11861,2059999.9428,2890000.1049,2019-12-30T13:50:32.954000Z
1.11857,1.1186,2059999.9428,750000.0,2019-12-30T13:50:34.891000Z
1.11857,1.11861,2059999.9428,2890000.1049,2019-12-30T13:50:35.096000Z
1.11858,1.11861,750000.0,2509999.9905,2019-12-30T13:50:35.819000Z
1.1186,1.11861,750000.0,750000.0,2019-12-30T13:50:35.921000Z
1.11861,1.1186200000000002,560000.0024,1500000.0,2019-12-30T13:50:38.673000Z
1.11861,1.11863,2809999.9428,1570000.0525,2019-12-30T13:50:40.128000Z
1.11864,1.1186500000000001,1500000.0,1500000.0,2019-12-30T13:50:40.231000Z
1.11863,1.1186500000000001,4119999.8856,1500000.0,2019-12-30T13:50:41.242000Z
1.11864,1.1186500000000001,750000.0,1500000.0,2019-12-30T13:50:42.068000Z
1.11863,1.1186500000000001,4869999.8856,1500000.0,2019-12-30T13:50:42.169000Z
1.11864,1.1186500000000001,750000.0,3940000.0572,2019-12-30T13:50:43.461000Z
1.11863,1.11864,750000.0,819999.9928,2019-12-30T13:50:43.563000Z
1.1186200000000002,1.11863,939999.9976,750000.0,2019-12-30T13:50:43.897000Z
1.11863,1.11864,750000.0,2250000.0,2019-12-30T13:50:44.151000Z
1.11864,1.1186500000000001,1500000.0,750000.0,2019-12-30T13:50:46.488000Z
1.11861,1.11864,1309999.9428,1500000.0,2019-12-30T13:50:46.999000Z
1.11861,1.11863,189999.9976,750000.0,2019-12-30T13:50:47.151000Z
1.1186200000000002,1.11864,1309999.9428,819999.9928,2019-12-30T13:50:48.151000Z
1.11861,1.11863,1870000.0048,750000.0,2019-12-30T13:50:48.582000Z
1.1186200000000002,1.11863,750000.0,750000.0,2019-12-30T13:50:49.494000Z
1.1186,1.11863,4690000.0572,1500000.0,2019-12-30T13:50:49.661000Z
1.11859,1.11861,2440000.0572,100000.0015,2019-12-30T13:50:49.763000Z
1.11858,1.1186,750000.0,1690000.0572,2019-12-30T13:50:54.387000Z
1.11857,1.11858,750000.0,750000.0,2019-12-30T13:50:54.488000Z
1.11857,1.11859,750000.0,2319999.9332,2019-12-30T13:50:54.640000Z
1.11857,1.11858,750000.0,750000.0,2019-12-30T13:50:54.792000Z
1.11857,1.11859,750000.0,1570000.0525,2019-12-30T13:50:55.070000Z
1.11857,1.11858,750000.0,1500000.0,2019-12-30T13:50:56.429000Z
1.11856,1.11858,189999.9976,750000.0,2019-12-30T13:50:56.530000Z
1.1185500000000002,1.11857,3190000.0572,189999.9976,2019-12-30T13:51:00.569000Z
1.1185500000000002,1.11858,4500000.0,2250000.0,2019-12-30T13:51:02.222000Z
1.11856,1.11858,189999.9976,2440000.0572,2019-12-30T13:51:04.138000Z
1.1185500000000002,1.11858,3369999.8856,2509999.9905,2019-12-30T13:51:04.778000Z
1.1185500000000002,1.11859,2440000.0572,6639999.8665,2019-12-30T13:51:07.382000Z
1.1185500000000002,1.11858,3940000.0572,1120000.0048,2019-12-30T13:51:08.425000Z
1.1185500000000002,1.11859,2809999.9428,6639999.8665,2019-12-30T13:51:08.633000Z
1.1185500000000002,1.11858,4309999.9428,1870000.0048,2019-12-30T13:51:09.730000Z
1.11856,1.11859,560000.0024,6449999.8093,2019-12-30T13:51:10.541000Z
1.11856,1.11858,560000.0024,100000.0015,2019-12-30T13:51:10.643000Z
1.1185500000000002,1.11858,2059999.9428,1009999.9905,2019-12-30T13:51:10.744000Z
1.11856,1.11858,370000.0048,100000.0015,2019-12-30T13:51:11.885000Z
1.11856,1.11859,370000.0048,6260000.2289,2019-12-30T13:51:12.055000Z
1.1185500000000002,1.11859,1690000.0572,5139999.8665,2019-12-30T13:51:12.971000Z
1.11856,1.11858,4309999.9428,750000.0,2019-12-30T13:51:13.684000Z
1.11857,1.11859,750000.0,939999.9976,2019-12-30T13:51:13.786000Z
1.11857,1.1186,750000.0,2700000.0477,2019-12-30T13:51:13.887000Z
1.11857,1.11859,750000.0,100000.0015,2019-12-30T13:51:13.989000Z
1.11859,1.11861,750000.0,2890000.1049,2019-12-30T13:51:15.461000Z
1.11859,1.1186200000000002,2250000.0,1570000.0525,2019-12-30T13:51:15.581000Z
1.11861,1.1186200000000002,750000.0,750000.0,2019-12-30T13:51:21.357000Z
1.11859,1.11863,5510000.2289,2319999.9332,2019-12-30T13:51:21.458000Z
1.11861,1.1186200000000002,750000.0,750000.0,2019-12-30T13:51:21.560000Z
1.1186,1.1186200000000002,5809999.9428,750000.0,2019-12-30T13:51:21.662000Z
1.1186,1.11863,5059999.9428,1759999.9905,2019-12-30T13:51:21.764000Z
1.1186,1.1186200000000002,2809999.9428,100000.0015,2019-12-30T13:51:21.866000Z
1.11859,1.1186200000000002,1870000.0048,750000.0,2019-12-30T13:51:30.201000Z
1.11859,1.11861,1500000.0,100000.0015,2019-12-30T13:51:30.561000Z
1.11859,1.1186200000000002,1500000.0,750000.0,2019-12-30T13:51:30.908000Z
1.11858,1.1186200000000002,10569999.6948,819999.9928,2019-12-30T13:51:31.355000Z
1.11859,1.1186200000000002,750000.0,819999.9928,2019-12-30T13:51:31.456000Z
1.11859,1.11861,750000.0,100000.0015,2019-12-30T13:51:32.099000Z
1.11859,1.1186200000000002,370000.0048,1950000.0477,2019-12-30T13:51:36.979000Z
1.11859,1.11861,370000.0048,100000.0015,2019-12-30T13:51:37.677000Z
1.11859,1.1186200000000002,370000.0048,1500000.0,2019-12-30T13:51:37.849000Z
1.11859,1.11863,1500000.0,2890000.1049,2019-12-30T13:51:51.655000Z
1.11859,1.1186200000000002,1690000.0572,100000.0015,2019-12-30T13:51:51.756000Z
1.11859,1.11863,1690000.0572,3450000.0477,2019-12-30T13:51:51.941000Z
1.11859,1.1186200000000002,1500000.0,449999.9881,2019-12-30T13:51:52.194000Z
1.1186,1.11863,100000.0015,4199999.8093,2019-12-30T13:51:52.868000Z
1.11859,1.1186200000000002,3750000.0,819999.9928,2019-12-30T13:51:52.970000Z
1.11859,1.11861,4309999.9428,750000.0,2019-12-30T13:51:58.310000Z
1.11859,1.1186200000000002,3000000.0,2140000.1049,2019-12-30T13:51:59.788000Z
1.11859,1.11861,1570000.0525,750000.0,2019-12-30T13:52:00.259000Z
1.11859,1.1186200000000002,2809999.9428,1759999.9905,2019-12-30T13:52:00.361000Z
1.11858,1.1186,2250000.0,3940000.0572,2019-12-30T13:52:00.753000Z
1.11856,1.11857,2250000.0,1120000.0048,2019-12-30T13:52:00.804000Z
1.1185500000000002,1.11857,3940000.0572,2990000.0095,2019-12-30T13:52:03.944000Z
1.1185500000000002,1.11856,5440000.0572,370000.0048,2019-12-30T13:52:04.315000Z
1.1185500000000002,1.11857,5440000.0572,2250000.0,2019-12-30T13:52:04.907000Z
1.1185500000000002,1.11858,1690000.0572,2140000.1049,2019-12-30T13:52:12.850000Z
1.1185500000000002,1.11857,1690000.0572,370000.0048,2019-12-30T13:52:13.247000Z
1.1185500000000002,1.11856,2059999.9428,370000.0048,2019-12-30T13:52:14.348000Z
1.1185500000000002,1.11858,4869999.8856,1570000.0525,2019-12-30T13:52:15.159000Z
1.11857,1.11858,1500000.0,100000.0015,2019-12-30T13:52:21.496000Z
1.11859,1.11861,939999.9976,2250000.0,2019-12-30T13:52:21.598000Z
1.11859,1.1186200000000002,3559999.9428,4309999.9428,2019-12-30T13:52:21.649000Z
1.1186,1.11863,1500000.0,4949999.8093,2019-12-30T13:52:21.750000Z
1.1186,1.1186200000000002,750000.0,370000.0048,2019-12-30T13:52:24.691000Z
1.1186,1.11863,2250000.0,5320000.1717,2019-12-30T13:52:36.547000Z
1.1186,1.1186200000000002,2250000.0,750000.0,2019-12-30T13:52:36.648000Z
1.1186,1.11863,2250000.0,6000000.0,2019-12-30T13:52:37.608000Z
1.1186,1.1186200000000002,3000000.0,750000.0,2019-12-30T13:52:37.937000Z
1.1186,1.1186200000000002,2250000.0,3740000.0095,2019-12-30T13:52:38.367000Z
1.1186,1.1186200000000002,1690000.0572,750000.0,2019-12-30T13:52:38.950000Z
1.1186,1.11863,1690000.0572,2250000.0,2019-12-30T13:52:39.051000Z
1.1186,1.1186200000000002,2440000.0572,750000.0,2019-12-30T13:52:40.130000Z
1.1186,1.11863,1690000.0572,4570000.1717,2019-12-30T13:52:40.231000Z
1.1186,1.1186200000000002,939999.9976,189999.9976,2019-12-30T13:52:40.569000Z
1.1186,1.11861,2440000.0572,750000.0,2019-12-30T13:52:48.662000Z
1.1186,1.1186200000000002,2440000.0572,819999.9928,2019-12-30T13:52:50.148000Z
1.1186,1.11863,939999.9976,4199999.8093,2019-12-30T13:52:53.349000Z
1.1186,1.1186200000000002,939999.9976,449999.9881,2019-12-30T13:52:53.644000Z
1.1186,1.11863,189999.9976,4010000.2289,2019-12-30T13:53:00.276000Z
1.1186,1.11861,189999.9976,100000.0015,2019-12-30T13:53:01.283000Z
1.1186,1.11863,560000.0024,4570000.1717,2019-12-30T13:53:03.127000Z
1.1186,1.1186200000000002,189999.9976,100000.0015,2019-12-30T13:53:03.342000Z
1.1186,1.11863,189999.9976,4949999.8093,2019-12-30T13:53:03.544000Z
1.1186,1.1186200000000002,189999.9976,100000.0015,2019-12-30T13:53:04.826000Z
1.1186,1.11863,189999.9976,3000000.0,2019-12-30T13:53:05.398000Z
1.1186,1.1186200000000002,189999.9976,449999.9881,2019-12-30T13:53:07.259000Z
1.1186200000000002,1.11863,5250000.0,449999.9881,2019-12-30T13:53:07.804000Z
1.11866,1.11867,750000.0,449999.9881,2019-12-30T13:53:07.855000Z
1.11867,1.11868,939999.9976,449999.9881,2019-12-30T13:53:07.959000Z
1.11869,1.1187,189999.9976,1690000.0572,2019-12-30T13:53:08.010000Z
1.11869,1.11871,1690000.0572,750000.0,2019-12-30T13:53:08.111000Z
1.11869,1.1187200000000002,4309999.9428,100000.0015,2019-12-30T13:53:08.213000Z
1.1187,1.1187200000000002,189999.9976,560000.0024,2019-12-30T13:53:08.314000Z
1.1187,1.11873,189999.9976,1950000.0477,2019-12-30T13:53:08.415000Z
1.11868,1.1187,2250000.0,750000.0,2019-12-30T13:53:10.464000Z
1.11867,1.11869,370000.0048,750000.0,2019-12-30T13:53:10.566000Z
1.11866,1.11869,3940000.0572,750000.0,2019-12-30T13:53:10.668000Z
1.11867,1.11868,189999.9976,750000.0,2019-12-30T13:53:11.557000Z
1.11866,1.11867,189999.9976,100000.0015,2019-12-30T13:53:11.761000Z
1.11867,1.11868,189999.9976,750000.0,2019-12-30T13:53:11.898000Z
1.11867,1.11869,189999.9976,4389999.8665,2019-12-30T13:53:12.618000Z
1.11867,1.11868,189999.9976,100000.0015,2019-12-30T13:53:13.304000Z
1.11867,1.11869,189999.9976,3069999.9332,2019-12-30T13:53:13.665000Z
1.11866,1.11867,750000.0,100000.0015,2019-12-30T13:53:14.397000Z
1.1186500000000001,1.11868,2440000.0572,1950000.0477,2019-12-30T13:53:14.498000Z
1.11864,1.11866,750000.0,750000.0,2019-12-30T13:53:20.133000Z
1.11863,1.11866,4500000.0,1460000.0381,2019-12-30T13:53:20.235000Z
1.11863,1.1186500000000001,4500000.0,370000.0048,2019-12-30T13:53:21.601000Z
1.11864,1.11866,2809999.9428,740000.0095,2019-12-30T13:53:21.734000Z
1.1186500000000001,1.11867,189999.9976,1759999.9905,2019-12-30T13:53:21.785000Z
1.1186500000000001,1.11866,939999.9976,100000.0015,2019-12-30T13:53:21.886000Z
1.1186500000000001,1.11868,1690000.0572,4949999.8093,2019-12-30T13:53:21.963000Z
1.11866,1.11868,2250000.0,750000.0,2019-12-30T13:53:22.064000Z
1.11866,1.11869,939999.9976,3369999.8856,2019-12-30T13:53:22.165000Z
1.11868,1.1187,750000.0,2890000.1049,2019-12-30T13:53:23.147000Z
1.11869,1.11871,189999.9976,2059999.9428,2019-12-30T13:53:23.248000Z
1.1187,1.1187200000000002,189999.9976,819999.9928,2019-12-30T13:53:23.350000Z
1.11871,1.1187200000000002,189999.9976,750000.0,2019-12-30T13:53:25.572000Z
1.11874,1.1187500000000001,1500000.0,2140000.1049,2019-12-30T13:53:25.674000Z
1.11874,1.11877,189999.9976,1950000.0477,2019-12-30T13:53:25.775000Z
1.11873,1.11877,9189999.5804,1570000.0525,2019-12-30T13:53:25.877000Z
1.11874,1.11877,1309999.9428,2509999.9905,2019-12-30T13:53:25.978000Z
1.1187500000000001,1.1187799999999999,750000.0,3069999.9332,2019-12-30T13:53:27.127000Z
1.11874,1.1187799999999999,2440000.0572,3450000.0477,2019-12-30T13:53:28.003000Z
1.11874,1.11877,3559999.9428,750000.0,2019-12-30T13:53:28.184000Z
1.1187500000000001,1.1187799999999999,750000.0,2700000.0477,2019-12-30T13:53:30.677000Z
1.11874,1.1187799999999999,3940000.0572,2700000.0477,2019-12-30T13:53:30.779000Z
1.1187500000000001,1.1187799999999999,750000.0,3069999.9332,2019-12-30T13:53:31.254000Z
1.11874,1.1187799999999999,2440000.0572,3069999.9332,2019-12-30T13:53:31.355000Z
1.11874,1.11877,189999.9976,750000.0,2019-12-30T13:53:31.751000Z
1.11873,1.1187500000000001,750000.0,750000.0,2019-12-30T13:53:31.802000Z
1.1187200000000002,1.11874,189999.9976,2440000.0572,2019-12-30T13:53:31.904000Z
1.1187200000000002,1.11873,189999.9976,750000.0,2019-12-30T13:53:34.136000Z
1.1187200000000002,1.11874,189999.9976,4389999.8665,2019-12-30T13:53:34.251000Z
1.1187200000000002,1.11873,189999.9976,750000.0,2019-12-30T13:53:36.251000Z
1.1187200000000002,1.11874,189999.9976,4389999.8665,2019-12-30T13:53:36.968000Z
1.1187,1.11873,189999.9976,750000.0,2019-12-30T13:53:37.669000Z
1.11869,1.1187200000000002,3559999.9428,750000.0,2019-12-30T13:53:37.770000Z
1.1187,1.1187200000000002,750000.0,750000.0,2019-12-30T13:53:37.871000Z
1.1187,1.11873,1500000.0,2700000.0477,2019-12-30T13:53:38.243000Z
1.11871,1.11873,750000.0,3259999.9905,2019-12-30T13:53:41.040000Z
1.11871,1.11874,2619999.8856,819999.9928,2019-12-30T13:53:41.816000Z
1.11873,1.1187500000000001,750000.0,3259999.9905,2019-12-30T13:53:41.867000Z
1.11874,1.1187600000000002,2440000.0572,750000.0,2019-12-30T13:53:41.969000Z
1.11874,1.11877,2440000.0572,750000.0,2019-12-30T13:53:42.019000Z
1.1187500000000001,1.11877,750000.0,750000.0,2019-12-30T13:53:42.272000Z
1.1187600000000002,1.11879,939999.9976,1950000.0477,2019-12-30T13:53:42.374000Z
1.1187600000000002,1.1187799999999999,1690000.0572,100000.0015,2019-12-30T13:53:42.476000Z
1.1187600000000002,1.11879,5250000.0,1950000.0477,2019-12-30T13:53:42.577000Z
1.1187799999999999,1.1188,750000.0,1759999.9905,2019-12-30T13:53:42.756000Z
1.1187799999999999,1.11879,750000.0,370000.0048,2019-12-30T13:53:42.858000Z
1.11879,1.1188,750000.0,449999.9881,2019-12-30T13:53:42.960000Z
1.1187799999999999,1.11879,1500000.0,370000.0048,2019-12-30T13:53:43.061000Z
1.1187799999999999,1.1188,1500000.0,1950000.0477,2019-12-30T13:53:43.315000Z
1.11879,1.11881,750000.0,4119999.8856,2019-12-30T13:53:43.467000Z
1.1188,1.1188200000000001,1870000.0048,5510000.2289,2019-12-30T13:53:43.569000Z
1.11881,1.11883,750000.0,819999.9928,2019-12-30T13:53:43.671000Z
1.1188200000000001,1.11884,750000.0,259999.9905,2019-12-30T13:53:43.824000Z
1.11881,1.11884,2250000.0,639999.9857,2019-12-30T13:53:45.529000Z
1.1188200000000001,1.1188500000000001,750000.0,3259999.9905,2019-12-30T13:53:48.081000Z
1.11884,1.1188600000000002,6260000.2289,5510000.2289,2019-12-30T13:53:48.530000Z
1.1188600000000002,1.11887,189999.9976,560000.0024,2019-12-30T13:53:48.632000Z
1.1188600000000002,1.1188799999999999,189999.9976,639999.9857,2019-12-30T13:53:48.733000Z
1.1188500000000001,1.1188799999999999,939999.9976,449999.9881,2019-12-30T13:53:49.392000Z
1.1188500000000001,1.11889,1309999.9428,4570000.1717,2019-12-30T13:53:50.005000Z
1.1188600000000002,1.11889,750000.0,4760000.2289,2019-12-30T13:53:50.107000Z
1.1188600000000002,1.1188799999999999,750000.0,100000.0015,2019-12-30T13:53:50.627000Z
1.1188600000000002,1.11889,750000.0,3640000.1049,2019-12-30T13:53:54.084000Z
1.1188600000000002,1.11887,750000.0,100000.0015,2019-12-30T13:53:54.583000Z
1.1188600000000002,1.11889,1500000.0,4199999.8093,2019-12-30T13:53:55.292000Z
1.11887,1.11889,750000.0,4570000.1717,2019-12-30T13:53:55.394000Z
1.11884,1.1188600000000002,3000000.0,750000.0,2019-12-30T13:53:59.838000Z
1.11883,1.1188500000000001,2440000.0572,750000.0,2019-12-30T13:53:59.939000Z
1.11883,1.1188600000000002,4119999.8856,100000.0015,2019-12-30T13:54:00.296000Z
1.11883,1.11887,3750000.0,5440000.0572,2019-12-30T13:54:00.442000Z
1.11883,1.1188600000000002,1690000.0572,1500000.0,2019-12-30T13:54:00.625000Z
1.11884,1.1188600000000002,1500000.0,560000.0024,2019-12-30T13:54:01.741000Z
1.11884,1.11887,2250000.0,100000.0015,2019-12-30T13:54:01.843000Z
1.11883,1.1188500000000001,939999.9976,750000.0,2019-12-30T13:54:02.097000Z
1.11884,1.1188600000000002,750000.0,3000000.0,2019-12-30T13:54:02.657000Z
1.11883,1.1188600000000002,1309999.9428,1870000.0048,2019-12-30T13:54:04.178000Z
1.11883,1.1188500000000001,939999.9976,750000.0,2019-12-30T13:54:05.965000Z
1.11883,1.11887,1759999.9905,6260000.2289,2019-12-30T13:54:06.210000Z
1.11884,1.11887,1759999.9905,1500000.0,2019-12-30T13:54:06.311000Z
1.11884,1.1188799999999999,4090000.1526,3069999.9332,2019-12-30T13:54:06.793000Z
1.1188500000000001,1.1188799999999999,750000.0,750000.0,2019-12-30T13:54:08.704000Z
1.11884,1.11887,5059999.9428,750000.0,2019-12-30T13:54:11.362000Z
1.1188500000000001,1.11887,3259999.9905,370000.0048,2019-12-30T13:54:12.576000Z
1.1188500000000001,1.1188799999999999,1690000.0572,1500000.0,2019-12-30T13:54:13.379000Z
1.1188500000000001,1.11889,1690000.0572,7760000.2289,2019-12-30T13:54:13.480000Z
1.1188500000000001,1.1188799999999999,1690000.0572,370000.0048,2019-12-30T13:54:14.434000Z
1.1188500000000001,1.11887,3190000.0572,750000.0,2019-12-30T13:54:16.057000Z
1.1188500000000001,1.1188799999999999,1690000.0572,750000.0,2019-12-30T13:54:16.159000Z
1.1188500000000001,1.11889,1690000.0572,8510000.2289,2019-12-30T13:54:16.916000Z
1.1188500000000001,1.1188799999999999,2059999.9428,750000.0,2019-12-30T13:54:17.270000Z
1.1188500000000001,1.11889,1690000.0572,6940000.0572,2019-12-30T13:54:24.946000Z
1.1188500000000001,1.1188799999999999,1690000.0572,100000.0015,2019-12-30T13:54:25.139000Z
1.1188500000000001,1.11889,1690000.0572,5619999.8856,2019-12-30T13:54:25.241000Z
1.1188500000000001,1.1188799999999999,1690000.0572,370000.0048,2019-12-30T13:54:26.129000Z
1.1188500000000001,1.11889,1690000.0572,5699999.8093,2019-12-30T13:54:28.164000Z
1.1188500000000001,1.1188799999999999,1690000.0572,750000.0,2019-12-30T13:54:28.833000Z
1.1188500000000001,1.11889,1690000.0572,7949999.8093,2019-12-30T13:54:28.984000Z
1.1188500000000001,1.1188799999999999,1690000.0572,370000.0048,2019-12-30T13:54:29.301000Z
1.1188500000000001,1.11889,1690000.0572,7949999.8093,2019-12-30T13:54:30.334000Z
1.11884,1.1188500000000001,1389999.9857,750000.0,2019-12-30T13:54:30.538000Z
1.1188200000000001,1.1188500000000001,819999.9928,3190000.0572,2019-12-30T13:54:30.641000Z
1.1188200000000001,1.11884,1120000.0048,1500000.0,2019-12-30T13:54:30.743000Z
1.1188200000000001,1.1188500000000001,1500000.0,3559999.9428,2019-12-30T13:54:32.411000Z
1.1188200000000001,1.11884,750000.0,189999.9976,2019-12-30T13:54:36.123000Z
1.11881,1.11884,189999.9976,939999.9976,2019-12-30T13:54:37.440000Z
1.1188200000000001,1.11884,1500000.0,939999.9976,2019-12-30T13:54:40.443000Z
1.1188200000000001,1.1188500000000001,2619999.8856,1120000.0048,2019-12-30T13:54:40.545000Z
1.1188200000000001,1.11884,2619999.8856,750000.0,2019-12-30T13:54:40.866000Z
1.1188200000000001,1.1188500000000001,1870000.0048,2059999.9428,2019-12-30T13:54:41.453000Z
1.11884,1.1188600000000002,1500000.0,1309999.9428,2019-12-30T13:54:44.368000Z
1.11884,1.1188799999999999,3369999.8856,5440000.0572,2019-12-30T13:54:44.470000Z
1.1188500000000001,1.1188799999999999,189999.9976,3259999.9905,2019-12-30T13:54:48.710000Z
1.1188600000000002,1.1188799999999999,750000.0,750000.0,2019-12-30T13:54:49.856000Z
1.11887,1.1189,3190000.0572,4309999.9428,2019-12-30T13:54:50.618000Z
1.1188600000000002,1.1189,6369999.8856,3559999.9428,2019-12-30T13:54:50.838000Z
1.11889,1.11891,750000.0,1870000.0048,2019-12-30T13:54:50.889000Z
1.11889,1.1189200000000001,1120000.0048,2809999.9428,2019-12-30T13:54:50.991000Z
1.1188799999999999,1.11891,2059999.9428,750000.0,2019-12-30T13:54:51.093000Z
1.11889,1.1189200000000001,1500000.0,2809999.9428,2019-12-30T13:54:51.712000Z
1.1188799999999999,1.11891,1690000.0572,750000.0,2019-12-30T13:54:51.813000Z
1.1188799999999999,1.1189200000000001,560000.0024,7869999.8856,2019-12-30T13:54:51.915000Z
1.11887,1.11891,2890000.1049,1200000.0477,2019-12-30T13:54:52.016000Z
1.11887,1.1189,3940000.0572,1500000.0,2019-12-30T13:54:52.118000Z
1.11887,1.11891,5320000.1717,3000000.0,2019-12-30T13:54:52.271000Z
1.11887,1.1189,6449999.8093,750000.0,2019-12-30T13:54:52.528000Z
1.11887,1.11891,4949999.8093,3750000.0,2019-12-30T13:54:52.823000Z
1.11887,1.1189,1870000.0048,750000.0,2019-12-30T13:54:54.258000Z
1.1188799999999999,1.1189,189999.9976,750000.0,2019-12-30T13:54:54.630000Z
1.1188799999999999,1.11891,189999.9976,1690000.0572,2019-12-30T13:54:54.759000Z
1.1188799999999999,1.1189,100000.0015,1500000.0,2019-12-30T13:54:55.536000Z
1.11887,1.1189,3450000.0477,1690000.0572,2019-12-30T13:54:55.637000Z
1.1188799999999999,1.1189,1950000.0477,750000.0,2019-12-30T13:54:55.739000Z
1.1188799999999999,1.11891,1950000.0477,2250000.0,2019-12-30T13:54:55.840000Z
1.11887,1.11891,4760000.2289,1500000.0,2019-12-30T13:54:57.925000Z
1.1188799999999999,1.11891,100000.0015,1500000.0,2019-12-30T13:54:59.180000Z
1.11889,1.11891,370000.0048,2250000.0,2019-12-30T13:55:00.609000Z
1.1188799999999999,1.11891,3069999.9332,3000000.0,2019-12-30T13:55:00.711000Z
1.1188799999999999,1.1189200000000001,3069999.9332,2250000.0,2019-12-30T13:55:01.741000Z
1.1189,1.1189200000000001,939999.9976,750000.0,2019-12-30T13:55:02.135000Z
1.11891,1.11893,750000.0,750000.0,2019-12-30T13:55:02.237000Z
1.11891,1.11894,3369999.8856,1500000.0,2019-12-30T13:55:04.018000Z
1.11893,1.1189600000000002,2319999.9332,1120000.0048,2019-12-30T13:55:12.099000Z
1.11894,1.1189600000000002,100000.0015,1690000.0572,2019-12-30T13:55:12.253000Z
1.11893,1.1189600000000002,100000.0015,1690000.0572,2019-12-30T13:55:12.354000Z
1.1189200000000001,1.11894,189999.9976,189999.9976,2019-12-30T13:55:12.456000Z
1.1189,1.1189200000000001,2809999.9428,750000.0,2019-12-30T13:55:15.801000Z
1.11889,1.11891,1309999.9428,2619999.8856,2019-12-30T13:55:15.902000Z
1.1189,1.11891,189999.9976,750000.0,2019-12-30T13:55:16.054000Z
1.11889,1.11891,750000.0,1500000.0,2019-12-30T13:55:17.958000Z
1.1189,1.11891,189999.9976,750000.0,2019-12-30T13:55:18.110000Z
1.1189,1.1189200000000001,560000.0024,939999.9976,2019-12-30T13:55:18.674000Z
1.11889,1.11891,939999.9976,189999.9976,2019-12-30T13:55:21.123000Z
1.1188799999999999,1.11891,1500000.0,189999.9976,2019-12-30T13:55:22.586000Z
1.1188799999999999,1.1189200000000001,4840000.1526,2319999.9332,2019-12-30T13:55:24.620000Z
1.11889,1.11891,370000.0048,1500000.0,2019-12-30T13:55:24.823000Z
1.1188799999999999,1.11891,2440000.0572,939999.9976,2019-12-30T13:55:24.924000Z
1.11889,1.1189200000000001,1500000.0,2250000.0,2019-12-30T13:55:26.092000Z
1.1189,1.1189200000000001,750000.0,2059999.9428,2019-12-30T13:55:26.295000Z
1.11889,1.1189200000000001,1570000.0525,1309999.9428,2019-12-30T13:55:26.473000Z
1.1189,1.1189200000000001,750000.0,750000.0,2019-12-30T13:55:27.274000Z
1.11889,1.1189200000000001,1759999.9905,750000.0,2019-12-30T13:55:27.375000Z
1.1189,1.11893,750000.0,4869999.8856,2019-12-30T13:55:28.935000Z
1.11889,1.11893,3559999.9428,2619999.8856,2019-12-30T13:55:29.036000Z
1.1189,1.11893,750000.0,2619999.8856,2019-12-30T13:55:29.151000Z
1.1189,1.1189200000000001,750000.0,750000.0,2019-12-30T13:55:29.252000Z
1.11889,1.11893,750000.0,3259999.9905,2019-12-30T13:55:30.690000Z
1.1189,1.11893,750000.0,2440000.0572,2019-12-30T13:55:31.103000Z
1.1189,1.11894,3559999.9428,3559999.9428,2019-12-30T13:55:32.271000Z
1.11893,1.11894,2440000.0572,819999.9928,2019-12-30T13:55:32.407000Z
1.11893,1.1189600000000002,2440000.0572,750000.0,2019-12-30T13:55:32.508000Z
1.11893,1.11897,4010000.2289,3190000.0572,2019-12-30T13:55:32.661000Z
1.11894,1.1189600000000002,750000.0,1500000.0,2019-12-30T13:55:32.762000Z
1.1189500000000001,1.11898,750000.0,2250000.0,2019-12-30T13:55:33.944000Z
1.1189600000000002,1.11898,189999.9976,2250000.0,2019-12-30T13:55:34.155000Z
1.1189500000000001,1.11898,3190000.0572,750000.0,2019-12-30T13:55:38.083000Z
1.1189600000000002,1.11898,750000.0,750000.0,2019-12-30T13:55:38.211000Z
1.1189500000000001,1.11898,3190000.0572,750000.0,2019-12-30T13:55:39.037000Z
1.1189600000000002,1.11898,750000.0,750000.0,2019-12-30T13:55:40.520000Z
1.1189500000000001,1.11898,2440000.0572,750000.0,2019-12-30T13:55:40.856000Z
1.1189600000000002,1.11898,750000.0,750000.0,2019-12-30T13:55:40.957000Z
1.1189500000000001,1.11898,2440000.0572,750000.0,2019-12-30T13:55:41.086000Z
1.1189600000000002,1.11898,750000.0,750000.0,2019-12-30T13:55:41.187000Z
1.1189500000000001,1.11898,2440000.0572,750000.0,2019-12-30T13:55:42.037000Z
1.11897,1.11899,1500000.0,2250000.0,2019-12-30T13:55:42.138000Z
1.11897,1.119,1870000.0048,2440000.0572,2019-12-30T13:55:42.240000Z
1.11899,1.119,819999.9928,750000.0,2019-12-30T13:55:43.525000Z
1.11899,1.11901,750000.0,939999.9976,2019-12-30T13:55:43.699000Z
1.11897,1.11899,3750000.0,1690000.0572,2019-12-30T13:55:43.806000Z
1.11898,1.11899,750000.0,1690000.0572,2019-12-30T13:55:43.908000Z
1.11897,1.11899,1500000.0,1690000.0572,2019-12-30T13:55:44.024000Z
1.11899,1.119,1570000.0525,560000.0024,2019-12-30T13:55:52.128000Z
1.119,1.1190200000000001,750000.0,1690000.0572,2019-12-30T13:55:52.235000Z
1.11899,1.1190200000000001,1570000.0525,3750000.0,2019-12-30T13:55:52.820000Z
1.119,1.1190200000000001,100000.0015,3000000.0,2019-12-30T13:55:53.283000Z
1.11899,1.1190200000000001,1570000.0525,1500000.0,2019-12-30T13:55:53.870000Z
1.11899,1.119,1570000.0525,189999.9976,2019-12-30T13:55:53.921000Z
1.11898,1.119,2250000.0,2809999.9428,2019-12-30T13:55:54.023000Z
1.11898,1.11899,750000.0,750000.0,2019-12-30T13:55:54.767000Z
1.11898,1.119,750000.0,3190000.0572,2019-12-30T13:55:55.058000Z
1.11897,1.11899,750000.0,750000.0,2019-12-30T13:55:55.160000Z
1.11897,1.11901,5769999.9809,2250000.0,2019-12-30T13:55:57.187000Z
1.11898,1.11901,100000.0015,939999.9976,2019-12-30T13:55:57.289000Z
1.11899,1.11901,449999.9881,750000.0,2019-12-30T13:55:57.390000Z
1.11899,1.1190200000000001,1570000.0525,3190000.0572,2019-12-30T13:55:58.560000Z
1.119,1.1190200000000001,449999.9881,1870000.0048,2019-12-30T13:55:58.661000Z
1.11899,1.119,1200000.0477,750000.0,2019-12-30T13:55:58.712000Z
1.11898,1.119,750000.0,939999.9976,2019-12-30T13:55:58.763000Z
1.11898,1.11901,1200000.0477,1690000.0572,2019-12-30T13:55:58.965000Z
1.119,1.1190200000000001,100000.0015,2809999.9428,2019-12-30T13:56:00.829000Z
1.11899,1.1190200000000001,3069999.9332,1120000.0048,2019-12-30T13:56:01.031000Z
1.119,1.1190200000000001,100000.0015,1120000.0048,2019-12-30T13:56:02.143000Z
1.11899,1.1190200000000001,819999.9928,1500000.0,2019-12-30T13:56:02.244000Z
1.11898,1.1190200000000001,4949999.8093,1690000.0572,2019-12-30T13:56:03.365000Z
1.11898,1.119,750000.0,560000.0024,2019-12-30T13:56:03.466000Z
1.11897,1.119,3640000.1049,560000.0024,2019-12-30T13:56:03.568000Z
1.11898,1.11901,100000.0015,2059999.9428,2019-12-30T13:56:03.669000Z
1.11897,1.11901,6070000.1717,3940000.0572,2019-12-30T13:56:05.088000Z
1.11898,1.11901,750000.0,3000000.0,2019-12-30T13:56:05.539000Z
1.11897,1.11901,5960000.0381,1870000.0048,2019-12-30T13:56:06.082000Z
1.11898,1.11901,100000.0015,1870000.0048,2019-12-30T13:56:06.443000Z
1.11897,1.119,3450000.0477,939999.9976,2019-12-30T13:56:06.544000Z
1.11898,1.119,100000.0015,1120000.0048,2019-12-30T13:56:07.132000Z
1.11899,1.11901,750000.0,3750000.0,2019-12-30T13:56:07.261000Z
1.11899,1.119,100000.0015,189999.9976,2019-12-30T13:56:07.665000Z
1.11898,1.119,750000.0,189999.9976,2019-12-30T13:56:07.969000Z
1.11897,1.119,5139999.8665,189999.9976,2019-12-30T13:56:08.171000Z
1.11898,1.119,750000.0,189999.9976,2019-12-30T13:56:08.660000Z
1.11899,1.119,750000.0,750000.0,2019-12-30T13:56:09.676000Z
1.11899,1.11901,1950000.0477,1500000.0,2019-12-30T13:56:12.727000Z
1.11898,1.11901,2809999.9428,2250000.0,2019-12-30T13:56:13.175000Z
1.11897,1.119,6070000.1717,189999.9976,2019-12-30T13:56:14.239000Z
1.11898,1.119,750000.0,750000.0,2019-12-30T13:56:17.666000Z
1.11899,1.119,100000.0015,750000.0,2019-12-30T13:56:17.768000Z
1.11898,1.119,449999.9881,750000.0,2019-12-30T13:56:17.907000Z
1.11898,1.11901,1200000.0477,1690000.0572,2019-12-30T13:56:19.121000Z
1.11897,1.11901,5510000.2289,2619999.8856,2019-12-30T13:56:22.129000Z
1.11898,1.11901,750000.0,2059999.9428,2019-12-30T13:56:22.924000Z
1.11897,1.11901,3450000.0477,939999.9976,2019-12-30T13:56:26.384000Z
1.11898,1.11901,1570000.0525,1500000.0,2019-12-30T13:56:27.166000Z
1.119,1.11901,939999.9976,1500000.0,2019-12-30T13:56:27.318000Z
1.119,1.11903,1759999.9905,750000.0,2019-12-30T13:56:27.419000Z
1.119,1.11904,2890000.1049,4309999.9428,2019-12-30T13:56:27.826000Z
1.11901,1.11904,100000.0015,3190000.0572,2019-12-30T13:56:28.079000Z
1.119,1.11904,5699999.8093,2440000.0572,2019-12-30T13:56:28.181000Z
1.11901,1.11904,100000.0015,2440000.0572,2019-12-30T13:56:28.283000Z
1.11901,1.11903,100000.0015,750000.0,2019-12-30T13:56:28.438000Z
1.11901,1.11904,750000.0,2890000.1049,2019-12-30T13:56:28.878000Z
1.1190200000000001,1.11905,3190000.0572,1500000.0,2019-12-30T13:56:28.980000Z
1.11905,1.1190700000000002,1690000.0572,2890000.1049,2019-12-30T13:56:29.031000Z
1.11905,1.1190700000000002,750000.0,560000.0024,2019-12-30T13:56:29.132000Z
1.11904,1.1190600000000002,3640000.1049,1690000.0572,2019-12-30T13:56:29.234000Z
1.11903,1.1190600000000002,3000000.0,2440000.0572,2019-12-30T13:56:29.386000Z
1.119,1.11901,1529999.9714,939999.9976,2019-12-30T13:56:29.803000Z
1.11899,1.119,750000.0,1500000.0,2019-12-30T13:56:29.983000Z
1.11898,1.119,750000.0,750000.0,2019-12-30T13:56:30.084000Z
1.11898,1.11901,1500000.0,1690000.0572,2019-12-30T13:56:31.307000Z
1.11899,1.11901,750000.0,2809999.9428,2019-12-30T13:56:31.765000Z
1.119,1.1190200000000001,189999.9976,750000.0,2019-12-30T13:56:31.866000Z
1.119,1.11903,939999.9976,1690000.0572,2019-12-30T13:56:31.967000Z
1.11901,1.11903,750000.0,1500000.0,2019-12-30T13:56:32.119000Z
1.11901,1.11904,3559999.9428,1120000.0048,2019-12-30T13:56:32.221000Z
1.11901,1.11905,6940000.0572,939999.9976,2019-12-30T13:56:32.322000Z
1.1190200000000001,1.11905,1500000.0,939999.9976,2019-12-30T13:56:32.424000Z
1.11903,1.11905,750000.0,939999.9976,2019-12-30T13:56:32.576000Z
1.1190200000000001,1.11905,2059999.9428,1870000.0048,2019-12-30T13:56:33.411000Z
1.1190200000000001,1.11904,1500000.0,750000.0,2019-12-30T13:56:33.563000Z
1.1190200000000001,1.11905,1500000.0,2250000.0,2019-12-30T13:56:33.664000Z
1.11903,1.11905,750000.0,939999.9976,2019-12-30T13:56:34.287000Z
1.11905,1.1190600000000002,189999.9976,750000.0,2019-12-30T13:56:35.602000Z
1.11904,1.11908,4690000.0572,2059999.9428,2019-12-30T13:56:35.704000Z
1.11905,1.11908,1759999.9905,1870000.0048,2019-12-30T13:56:36.396000Z
1.11905,1.1190700000000002,750000.0,750000.0,2019-12-30T13:56:36.598000Z
1.1190600000000002,1.1190700000000002,750000.0,750000.0,2019-12-30T13:56:42.238000Z
1.1190600000000002,1.11908,1500000.0,750000.0,2019-12-30T13:56:42.339000Z
1.1190600000000002,1.11909,1500000.0,750000.0,2019-12-30T13:56:43.741000Z
1.1190600000000002,1.1191,1570000.0525,5320000.1717,2019-12-30T13:56:43.895000Z
1.1190600000000002,1.11909,2890000.1049,560000.0024,2019-12-30T13:56:44.747000Z
1.1190600000000002,1.1191,2319999.9332,6070000.1717,2019-12-30T13:56:44.856000Z
1.1190600000000002,1.11909,2619999.8856,370000.0048,2019-12-30T13:56:45.408000Z
1.1190700000000002,1.11909,750000.0,370000.0048,2019-12-30T13:56:47.809000Z
1.1191,1.11911,189999.9976,370000.0048,2019-12-30T13:56:48.912000Z
1.11909,1.11911,1500000.0,3559999.9428,2019-12-30T13:56:49.014000Z
1.11909,1.1191,750000.0,189999.9976,2019-12-30T13:56:49.116000Z
1.11908,1.1191,750000.0,189999.9976,2019-12-30T13:56:49.895000Z
1.1190700000000002,1.1191,750000.0,1690000.0572,2019-12-30T13:56:54.403000Z
1.1190700000000002,1.11909,750000.0,750000.0,2019-12-30T13:56:54.505000Z
1.1190600000000002,1.11909,4309999.9428,750000.0,2019-12-30T13:56:54.678000Z
1.1190700000000002,1.1191,750000.0,4690000.0572,2019-12-30T13:56:55.117000Z
1.11905,1.11908,6000000.0,370000.0048,2019-12-30T13:56:55.219000Z
1.1190600000000002,1.11908,750000.0,1120000.0048,2019-12-30T13:56:55.321000Z
1.1190600000000002,1.1190700000000002,1690000.0572,750000.0,2019-12-30T13:56:55.953000Z
1.11903,1.11904,2619999.8856,1309999.9428,2019-12-30T13:56:56.055000Z
1.1190200000000001,1.11904,2809999.9428,189999.9976,2019-12-30T13:56:56.156000Z
1.11903,1.11904,750000.0,189999.9976,2019-12-30T13:56:56.308000Z
1.1190200000000001,1.11904,4500000.0,189999.9976,2019-12-30T13:56:56.409000Z
1.11903,1.11904,750000.0,189999.9976,2019-12-30T13:56:56.531000Z
1.1190200000000001,1.11904,2809999.9428,189999.9976,2019-12-30T13:56:56.873000Z
1.11903,1.11904,750000.0,189999.9976,2019-12-30T13:56:57.084000Z
1.1190200000000001,1.11904,2809999.9428,189999.9976,2019-12-30T13:56:57.239000Z
1.11903,1.1190600000000002,750000.0,3819999.9332,2019-12-30T13:56:58.139000Z
1.11904,1.1190600000000002,750000.0,2059999.9428,2019-12-30T13:56:58.603000Z
1.11903,1.1190600000000002,449999.9881,1690000.0572,2019-12-30T13:56:58.856000Z
1.1190200000000001,1.11905,3369999.8856,750000.0,2019-12-30T13:56:58.961000Z
1.11903,1.11905,750000.0,939999.9976,2019-12-30T13:57:02.166000Z
1.11904,1.1190600000000002,2250000.0,750000.0,2019-12-30T13:57:02.267000Z
1.11904,1.11908,2319999.9332,2509999.9905,2019-12-30T13:57:02.369000Z
1.11904,1.1190700000000002,4309999.9428,189999.9976,2019-12-30T13:57:04.569000Z
1.11905,1.1190700000000002,750000.0,939999.9976,2019-12-30T13:57:06.277000Z
1.11905,1.11908,639999.9857,750000.0,2019-12-30T13:57:09.244000Z
1.11905,1.11909,2210000.0381,2440000.0572,2019-12-30T13:57:09.370000Z
1.1190600000000002,1.11909,449999.9881,2440000.0572,2019-12-30T13:57:09.472000Z
1.1190600000000002,1.11908,819999.9928,750000.0,2019-12-30T13:57:10.167000Z
1.1190600000000002,1.11909,1009999.9905,2250000.0,2019-12-30T13:57:11.869000Z
1.1190600000000002,1.1191,2890000.1049,5250000.0,2019-12-30T13:57:12.310000Z
1.1190700000000002,1.1191,1950000.0477,4690000.0572,2019-12-30T13:57:12.412000Z
1.11908,1.1191,750000.0,3190000.0572,2019-12-30T13:57:15.999000Z
1.1190700000000002,1.1191,2890000.1049,2250000.0,2019-12-30T13:57:16.263000Z
1.11908,1.1191,100000.0015,1120000.0048,2019-12-30T13:57:17.176000Z
1.1190700000000002,1.1191,2140000.1049,750000.0,2019-12-30T13:57:17.278000Z
1.11908,1.1191,1200000.0477,189999.9976,2019-12-30T13:57:18.938000Z
1.1190700000000002,1.1191,819999.9928,189999.9976,2019-12-30T13:57:19.040000Z
1.1190700000000002,1.11909,2960000.0381,189999.9976,2019-12-30T13:57:20.128000Z
1.11908,1.11911,750000.0,6820000.1717,2019-12-30T13:57:20.229000Z
1.1190700000000002,1.11911,2960000.0381,5510000.2289,2019-12-30T13:57:20.330000Z
1.1190700000000002,1.1191,2019999.9809,939999.9976,2019-12-30T13:57:20.431000Z
1.1190700000000002,1.11911,1460000.0381,3819999.9332,2019-12-30T13:57:20.958000Z
1.1190700000000002,1.1191,1269999.9809,189999.9976,2019-12-30T13:57:21.182000Z
1.11908,1.1191,819999.9928,560000.0024,2019-12-30T13:57:21.301000Z
1.11908,1.11911,750000.0,4119999.8856,2019-12-30T13:57:21.403000Z
1.11908,1.11909,819999.9928,750000.0,2019-12-30T13:57:21.555000Z
1.1190700000000002,1.11909,819999.9928,750000.0,2019-12-30T13:57:21.656000Z
1.11908,1.11909,100000.0015,750000.0,2019-12-30T13:57:21.808000Z
1.11908,1.1191,100000.0015,3940000.0572,2019-12-30T13:57:21.909000Z
1.1190700000000002,1.1191,1950000.0477,2440000.0572,2019-12-30T13:57:22.011000Z
1.1190600000000002,1.11909,3640000.1049,1120000.0048,2019-12-30T13:57:22.112000Z
1.1190700000000002,1.11909,100000.0015,1870000.0048,2019-12-30T13:57:22.213000Z
1.1190600000000002,1.11909,1500000.0,1309999.9428,2019-12-30T13:57:24.134000Z
1.1190600000000002,1.11908,819999.9928,939999.9976,2019-12-30T13:57:24.286000Z
1.1190700000000002,1.11909,449999.9881,750000.0,2019-12-30T13:57:25.994000Z
1.1190700000000002,1.11908,449999.9881,750000.0,2019-12-30T13:57:27.275000Z
1.1190600000000002,1.11908,3000000.0,750000.0,2019-12-30T13:57:29.695000Z
1.1190600000000002,1.11909,3750000.0,750000.0,2019-12-30T13:57:30.121000Z
1.1190600000000002,1.1191,7949999.8093,1690000.0572,2019-12-30T13:57:31.458000Z
1.11908,1.1191,2250000.0,1500000.0,2019-12-30T13:57:31.560000Z
1.1191,1.11911,750000.0,750000.0,2019-12-30T13:57:36.082000Z
1.11913,1.11914,750000.0,3069999.9332,2019-12-30T13:57:36.184000Z
1.11913,1.11915,750000.0,3190000.0572,2019-12-30T13:57:36.285000Z
1.11913,1.11914,750000.0,370000.0048,2019-12-30T13:57:36.387000Z
1.11913,1.11915,750000.0,370000.0048,2019-12-30T13:57:36.488000Z
1.11913,1.1191700000000002,3000000.0,6369999.8856,2019-12-30T13:57:36.589000Z
1.11915,1.1191700000000002,189999.9976,939999.9976,2019-12-30T13:57:36.640000Z
1.1191700000000002,1.11918,750000.0,1120000.0048,2019-12-30T13:57:36.767000Z
1.1191600000000002,1.11918,2250000.0,1120000.0048,2019-12-30T13:57:36.818000Z
1.1191600000000002,1.11919,1570000.0525,189999.9976,2019-12-30T13:57:37.173000Z
1.11918,1.11919,2250000.0,560000.0024,2019-12-30T13:57:37.224000Z
1.11918,1.1192,750000.0,2250000.0,2019-12-30T13:57:37.325000Z
1.1191700000000002,1.1192,2250000.0,1309999.9428,2019-12-30T13:57:37.426000Z
1.11919,1.11921,1120000.0048,1570000.0525,2019-12-30T13:57:37.629000Z
1.11921,1.11922,1500000.0,370000.0048,2019-12-30T13:57:37.733000Z
1.1192,1.11924,3000000.0,9560000.4196,2019-12-30T13:57:37.785000Z
1.11922,1.11924,750000.0,939999.9976,2019-12-30T13:57:37.933000Z
1.11921,1.11924,3000000.0,939999.9976,2019-12-30T13:57:40.100000Z
1.11922,1.11924,750000.0,2140000.1049,2019-12-30T13:57:41.336000Z
1.11921,1.11924,1120000.0048,1759999.9905,2019-12-30T13:57:43.808000Z
1.11919,1.11921,1950000.0477,3000000.0,2019-12-30T13:57:43.858000Z
1.11918,1.11921,1120000.0048,6190000.0572,2019-12-30T13:57:43.960000Z
1.11918,1.11921,750000.0,3190000.0572,2019-12-30T13:57:44.367000Z
1.11919,1.11922,2890000.1049,3369999.8856,2019-12-30T13:57:44.469000Z
1.11921,1.11922,750000.0,750000.0,2019-12-30T13:57:46.267000Z
1.1192,1.11922,3190000.0572,750000.0,2019-12-30T13:57:49.903000Z
1.1192,1.11923,1500000.0,1120000.0048,2019-12-30T13:57:50.516000Z
1.11919,1.11921,750000.0,939999.9976,2019-12-30T13:57:50.618000Z
1.11918,1.11921,2319999.9332,189999.9976,2019-12-30T13:57:50.670000Z
1.11919,1.11922,2250000.0,3750000.0,2019-12-30T13:57:50.873000Z
1.11919,1.11923,5139999.8665,1690000.0572,2019-12-30T13:57:52.177000Z
1.1192,1.11923,189999.9976,1500000.0,2019-12-30T13:57:52.279000Z
1.1192,1.11922,750000.0,1500000.0,2019-12-30T13:57:52.768000Z
1.11919,1.11922,1690000.0572,6000000.0,2019-12-30T13:57:52.869000Z
1.11919,1.11921,750000.0,750000.0,2019-12-30T13:57:52.971000Z
1.11919,1.11922,2250000.0,1500000.0,2019-12-30T13:57:53.092000Z
1.11919,1.11921,750000.0,189999.9976,2019-12-30T13:57:53.244000Z
1.11918,1.11921,939999.9976,189999.9976,2019-12-30T13:57:53.396000Z
1.11919,1.11922,259999.9905,5250000.0,2019-12-30T13:57:53.498000Z
1.1192,1.11923,1690000.0572,5699999.8093,2019-12-30T13:57:54.094000Z
1.11919,1.11923,2809999.9428,5059999.9428,2019-12-30T13:57:56.099000Z
1.11919,1.11922,750000.0,3559999.9428,2019-12-30T13:57:56.201000Z
1.1192,1.11922,189999.9976,1870000.0048,2019-12-30T13:57:56.545000Z
1.11919,1.11922,2250000.0,2440000.0572,2019-12-30T13:57:56.681000Z
1.1192,1.11923,750000.0,5250000.0,2019-12-30T13:57:56.783000Z
1.11919,1.11922,3000000.0,1009999.9905,2019-12-30T13:57:56.885000Z
1.1192,1.11922,750000.0,2700000.0477,2019-12-30T13:57:58.043000Z
1.11919,1.11921,939999.9976,750000.0,2019-12-30T13:57:58.144000Z
1.11918,1.11921,750000.0,2440000.0572,2019-12-30T13:57:58.609000Z
1.11919,1.11921,819999.9928,5250000.0,2019-12-30T13:58:00.127000Z
1.11919,1.11922,709999.9785,3369999.8856,2019-12-30T13:58:00.835000Z
1.1192,1.11922,189999.9976,750000.0,2019-12-30T13:58:01.037000Z
1.11921,1.11922,100000.0015,1500000.0,2019-12-30T13:58:01.139000Z
1.1192,1.11922,100000.0015,2250000.0,2019-12-30T13:58:02.376000Z
1.11921,1.11922,100000.0015,1870000.0048,2019-12-30T13:58:02.848000Z
1.1192,1.11922,639999.9857,1500000.0,2019-12-30T13:58:03.335000Z
1.11921,1.11922,750000.0,1500000.0,2019-12-30T13:58:03.487000Z
1.1192,1.11922,1200000.0477,1500000.0,2019-12-30T13:58:04.044000Z
1.11921,1.11923,750000.0,370000.0048,2019-12-30T13:58:04.196000Z
1.11922,1.11923,100000.0015,370000.0048,2019-12-30T13:58:04.298000Z
1.11922,1.11924,100000.0015,2440000.0572,2019-12-30T13:58:04.401000Z
1.11921,1.11924,2890000.1049,1120000.0048,2019-12-30T13:58:04.553000Z
1.11922,1.11924,750000.0,750000.0,2019-12-30T13:58:05.717000Z
1.11922,1.11925,3000000.0,939999.9976,2019-12-30T13:58:05.818000Z
1.11922,1.1192600000000001,2250000.0,3940000.0572,2019-12-30T13:58:12.204000Z
1.11924,1.11925,750000.0,370000.0048,2019-12-30T13:58:15.508000Z
1.11924,1.1192600000000001,750000.0,5250000.0,2019-12-30T13:58:15.609000Z
1.11923,1.1192600000000001,1500000.0,2809999.9428,2019-12-30T13:58:15.964000Z
1.11924,1.1192600000000001,1200000.0477,1309999.9428,2019-12-30T13:58:16.419000Z
1.11924,1.1192700000000002,259999.9905,3750000.0,2019-12-30T13:58:16.520000Z
1.11925,1.1192700000000002,2140000.1049,1120000.0048,2019-12-30T13:58:16.622000Z
1.11924,1.1192700000000002,1200000.0477,1500000.0,2019-12-30T13:58:16.777000Z
1.11924,1.11925,1759999.9905,750000.0,2019-12-30T13:58:17.030000Z
1.11922,1.11925,100000.0015,2440000.0572,2019-12-30T13:58:17.132000Z
1.11923,1.11925,100000.0015,3940000.0572,2019-12-30T13:58:17.482000Z
1.11921,1.11925,4760000.2289,3190000.0572,2019-12-30T13:58:17.637000Z
1.11922,1.11925,100000.0015,3190000.0572,2019-12-30T13:58:17.934000Z
1.11921,1.11922,2509999.9905,1120000.0048,2019-12-30T13:58:17.985000Z
1.1192,1.11922,1389999.9857,370000.0048,2019-12-30T13:58:18.086000Z
1.11919,1.11921,3640000.1049,750000.0,2019-12-30T13:58:18.188000Z
1.11919,1.11922,2140000.1049,1500000.0,2019-12-30T13:58:18.289000Z
1.11919,1.11921,2509999.9905,750000.0,2019-12-30T13:58:18.391000Z
1.11919,1.11922,1759999.9905,1500000.0,2019-12-30T13:58:18.492000Z
1.1192,1.11922,100000.0015,1500000.0,2019-12-30T13:58:18.787000Z
1.1192,1.11923,100000.0015,3369999.8856,2019-12-30T13:58:19.269000Z
1.1192,1.11922,100000.0015,750000.0,2019-12-30T13:58:19.555000Z
1.11919,1.11923,1389999.9857,3369999.8856,2019-12-30T13:58:19.656000Z
1.11921,1.11923,2809999.9428,1500000.0,2019-12-30T13:58:19.809000Z
1.11922,1.11923,750000.0,750000.0,2019-12-30T13:58:19.910000Z
1.11921,1.11923,3259999.9905,750000.0,2019-12-30T13:58:20.012000Z
1.11922,1.11923,1009999.9905,750000.0,2019-12-30T13:58:20.113000Z
1.11921,1.11923,2509999.9905,750000.0,2019-12-30T13:58:20.215000Z
1.11922,1.11923,100000.0015,750000.0,2019-12-30T13:58:23.175000Z
1.11923,1.11924,2059999.9428,750000.0,2019-12-30T13:58:23.327000Z
1.11923,1.11925,2250000.0,750000.0,2019-12-30T13:58:23.378000Z
1.11924,1.11925,189999.9976,1500000.0,2019-12-30T13:58:23.480000Z
1.11923,1.11925,3259999.9905,1690000.0572,2019-12-30T13:58:24.187000Z
1.11924,1.11925,1200000.0477,939999.9976,2019-12-30T13:58:24.289000Z
1.11923,1.11925,2509999.9905,939999.9976,2019-12-30T13:58:24.503000Z
1.11924,1.11925,100000.0015,750000.0,2019-12-30T13:58:24.718000Z
1.11924,1.1192600000000001,1409999.9666,2250000.0,2019-12-30T13:58:25.156000Z
1.11923,1.11925,3259999.9905,189999.9976,2019-12-30T13:58:25.257000Z
1.11924,1.1192600000000001,189999.9976,2250000.0,2019-12-30T13:58:25.714000Z
1.11923,1.1192600000000001,3970000.0286,2440000.0572,2019-12-30T13:58:25.866000Z
1.11924,1.1192600000000001,189999.9976,1500000.0,2019-12-30T13:58:26.245000Z
1.11923,1.11925,2140000.1049,750000.0,2019-12-30T13:58:26.346000Z
1.11924,1.1192700000000002,1870000.0048,8060000.4196,2019-12-30T13:58:26.397000Z
1.11925,1.1192700000000002,100000.0015,3750000.0,2019-12-30T13:58:26.499000Z
1.11925,1.11928,100000.0015,2059999.9428,2019-12-30T13:58:27.367000Z
1.11925,1.1192700000000002,750000.0,750000.0,2019-12-30T13:58:27.903000Z
1.11925,1.1192600000000001,2440000.0572,750000.0,2019-12-30T13:58:28.335000Z
1.11925,1.1192700000000002,939999.9976,1120000.0048,2019-12-30T13:58:28.437000Z
1.11925,1.1192700000000002,2440000.0572,750000.0,2019-12-30T13:58:28.658000Z
1.11925,1.1192700000000002,939999.9976,750000.0,2019-12-30T13:58:28.956000Z
1.1192600000000001,1.1192700000000002,750000.0,750000.0,2019-12-30T13:58:29.058000Z
1.11925,1.1192700000000002,4119999.8856,750000.0,2019-12-30T13:58:29.160000Z
1.1192600000000001,1.1192700000000002,750000.0,750000.0,2019-12-30T13:58:29.262000Z
1.1192700000000002,1.1192900000000001,750000.0,8250000.0,2019-12-30T13:58:29.414000Z
1.11928,1.1192900000000001,750000.0,750000.0,2019-12-30T13:58:32.571000Z
1.1192600000000001,1.1192900000000001,3640000.1049,750000.0,2019-12-30T13:58:33.587000Z
1.11928,1.1192900000000001,750000.0,750000.0,2019-12-30T13:58:33.688000Z
1.1192700000000002,1.11928,750000.0,750000.0,2019-12-30T13:58:33.790000Z
1.1192600000000001,1.11928,1690000.0572,750000.0,2019-12-30T13:58:37.226000Z
1.1192700000000002,1.11928,750000.0,1500000.0,2019-12-30T13:58:37.327000Z
1.11928,1.1193,750000.0,4500000.0,2019-12-30T13:58:37.378000Z
1.1192700000000002,1.11928,1500000.0,201600006.1035,2019-12-30T13:58:38.995000Z
1.1192700000000002,1.1192900000000001,750000.0,1500000.0,2019-12-30T13:58:39.299000Z
1.11928,1.1193,750000.0,3750000.0,2019-12-30T13:58:41.006000Z
1.11928,1.1193,1500000.0,3750000.0,2019-12-30T13:58:41.108000Z
1.11928,1.1192900000000001,750000.0,750000.0,2019-12-30T13:58:41.254000Z
1.1192700000000002,1.1193,2700000.0477,3000000.0,2019-12-30T13:58:41.355000Z
1.1192700000000002,1.1192900000000001,750000.0,750000.0,2019-12-30T13:58:42.413000Z
1.1192700000000002,1.1193,750000.0,2440000.0572,2019-12-30T13:58:42.514000Z
1.1192700000000002,1.1192900000000001,750000.0,750000.0,2019-12-30T13:58:42.816000Z
1.1192700000000002,1.1193,750000.0,6559999.9428,2019-12-30T13:58:43.320000Z
1.1192700000000002,1.1192900000000001,750000.0,1500000.0,2019-12-30T13:58:43.818000Z
1.1192700000000002,1.1193,750000.0,5440000.0572,2019-12-30T13:58:44.696000Z
1.1192700000000002,1.1192900000000001,750000.0,750000.0,2019-12-30T13:58:44.797000Z
1.1192700000000002,1.1193,750000.0,5440000.0572,2019-12-30T13:58:44.969000Z
1.1192700000000002,1.1192900000000001,750000.0,370000.0048,2019-12-30T13:58:45.228000Z
1.1192600000000001,1.1192900000000001,1200000.0477,939999.9976,2019-12-30T13:58:45.837000Z
1.1192600000000001,1.1193,259999.9905,5619999.8856,2019-12-30T13:58:46.467000Z
1.1192600000000001,1.1192900000000001,259999.9905,750000.0,2019-12-30T13:58:46.717000Z
1.1192600000000001,1.11928,189999.9976,750000.0,2019-12-30T13:58:47.155000Z
1.1192700000000002,1.11928,1500000.0,750000.0,2019-12-30T13:58:47.307000Z
1.1192600000000001,1.11928,5699999.8093,750000.0,2019-12-30T13:58:49.257000Z
1.1192700000000002,1.11928,819999.9928,750000.0,2019-12-30T13:58:49.384000Z
1.1192600000000001,1.11928,5510000.2289,750000.0,2019-12-30T13:58:49.766000Z
1.1192700000000002,1.11928,819999.9928,750000.0,2019-12-30T13:58:49.895000Z
1.1192700000000002,1.1192900000000001,750000.0,750000.0,2019-12-30T13:58:50.183000Z
1.1192600000000001,1.11928,189999.9976,750000.0,2019-12-30T13:58:50.756000Z
1.11925,1.1192600000000001,1200000.0477,750000.0,2019-12-30T13:58:50.857000Z
1.11924,1.11925,750000.0,750000.0,2019-12-30T13:58:51.009000Z
1.11925,1.1192600000000001,189999.9976,1500000.0,2019-12-30T13:58:51.111000Z
1.1192600000000001,1.1192700000000002,189999.9976,1500000.0,2019-12-30T13:58:53.052000Z
1.1192600000000001,1.1192700000000002,259999.9905,750000.0,2019-12-30T13:58:53.154000Z
1.1192700000000002,1.1192900000000001,750000.0,1500000.0,2019-12-30T13:58:53.256000Z
1.1192700000000002,1.11928,819999.9928,750000.0,2019-12-30T13:58:53.357000Z
1.11928,1.1192900000000001,100000.0015,750000.0,2019-12-30T13:58:53.560000Z
1.1192700000000002,1.11928,1120000.0048,750000.0,2019-12-30T13:58:53.741000Z
1.1192600000000001,1.11928,4949999.8093,750000.0,2019-12-30T13:58:54.320000Z
1.1192600000000001,1.1192700000000002,3069999.9332,750000.0,2019-12-30T13:58:54.422000Z
1.1192600000000001,1.11928,2140000.1049,750000.0,2019-12-30T13:58:54.523000Z
1.1192700000000002,1.11928,750000.0,750000.0,2019-12-30T13:58:54.776000Z
1.1192600000000001,1.11928,2140000.1049,750000.0,2019-12-30T13:58:55.593000Z
1.1192600000000001,1.1192700000000002,2250000.0,750000.0,2019-12-30T13:58:56.268000Z
1.11925,1.1192600000000001,750000.0,750000.0,2019-12-30T13:58:59.247000Z
1.11924,1.11925,370000.0048,939999.9976,2019-12-30T13:58:59.349000Z
1.11922,1.11923,1120000.0048,750000.0,2019-12-30T13:58:59.450000Z
1.11922,1.11924,750000.0,3069999.9332,2019-12-30T13:58:59.552000Z
1.1192,1.11922,2019999.9809,750000.0,2019-12-30T13:58:59.654000Z
1.11921,1.11922,750000.0,750000.0,2019-12-30T13:58:59.856000Z
1.11921,1.11923,750000.0,1500000.0,2019-12-30T13:59:00.531000Z
1.1192,1.11923,4460000.0381,750000.0,2019-12-30T13:59:00.733000Z
1.11921,1.11923,1200000.0477,750000.0,2019-12-30T13:59:00.935000Z
1.1192,1.11923,4460000.0381,750000.0,2019-12-30T13:59:01.172000Z
1.11921,1.11923,449999.9881,750000.0,2019-12-30T13:59:01.877000Z
1.1192,1.11923,750000.0,4760000.2289,2019-12-30T13:59:07.779000Z
1.1192,1.11922,1690000.0572,189999.9976,2019-12-30T13:59:10.397000Z
1.11919,1.11922,2250000.0,939999.9976,2019-12-30T13:59:10.752000Z
1.11918,1.11921,2809999.9428,750000.0,2019-12-30T13:59:10.854000Z
1.1192,1.11921,189999.9976,1500000.0,2019-12-30T13:59:10.906000Z
1.1192,1.11922,939999.9976,939999.9976,2019-12-30T13:59:11.008000Z
1.11919,1.11922,3190000.0572,750000.0,2019-12-30T13:59:12.102000Z
1.11921,1.11922,750000.0,750000.0,2019-12-30T13:59:13.028000Z
1.1192,1.11922,2440000.0572,750000.0,2019-12-30T13:59:13.130000Z
1.11919,1.11922,1009999.9905,750000.0,2019-12-30T13:59:14.824000Z
1.1192,1.11922,189999.9976,750000.0,2019-12-30T13:59:15.268000Z
1.11919,1.11922,5059999.9428,750000.0,2019-12-30T13:59:15.624000Z
1.1192,1.11922,189999.9976,750000.0,2019-12-30T13:59:15.726000Z
1.11921,1.11922,750000.0,750000.0,2019-12-30T13:59:16.240000Z
1.11922,1.11923,750000.0,750000.0,2019-12-30T13:59:16.342000Z
1.1192,1.11922,3559999.9428,750000.0,2019-12-30T13:59:16.726000Z
1.11921,1.11923,750000.0,750000.0,2019-12-30T13:59:17.427000Z
1.11921,1.11922,750000.0,750000.0,2019-12-30T13:59:17.732000Z
1.11921,1.11924,750000.0,4309999.9428,2019-12-30T13:59:17.834000Z
1.1192,1.11923,2440000.0572,2619999.8856,2019-12-30T13:59:18.138000Z
1.1192,1.11922,1690000.0572,189999.9976,2019-12-30T13:59:18.239000Z
1.1192,1.11923,1690000.0572,3450000.0477,2019-12-30T13:59:18.620000Z
1.11921,1.11923,750000.0,2250000.0,2019-12-30T13:59:18.722000Z
1.1192,1.11923,3259999.9905,750000.0,2019-12-30T13:59:19.715000Z
1.11921,1.11923,750000.0,1500000.0,2019-12-30T13:59:22.203000Z
1.1192,1.11923,3000000.0,750000.0,2019-12-30T13:59:22.304000Z
1.11921,1.11923,750000.0,750000.0,2019-12-30T13:59:22.477000Z
1.11921,1.11924,1500000.0,1690000.0572,2019-12-30T13:59:24.324000Z
1.11921,1.11923,2250000.0,750000.0,2019-12-30T13:59:24.476000Z
1.11922,1.11924,1500000.0,1690000.0572,2019-12-30T13:59:27.677000Z
1.11922,1.11924,3559999.9428,2809999.9428,2019-12-30T13:59:27.779000Z
1.11922,1.11925,750000.0,2440000.0572,2019-12-30T13:59:29.893000Z
1.11923,1.11925,750000.0,1500000.0,2019-12-30T13:59:30.326000Z
1.11922,1.11925,1870000.0048,750000.0,2019-12-30T13:59:30.529000Z
1.11923,1.1192600000000001,939999.9976,4690000.0572,2019-12-30T13:59:30.897000Z
1.1192600000000001,1.1192700000000002,750000.0,3069999.9332,2019-12-30T13:59:30.999000Z
1.1192600000000001,1.11928,2250000.0,750000.0,2019-12-30T13:59:31.101000Z
1.1192700000000002,1.1192900000000001,1500000.0,750000.0,2019-12-30T13:59:32.300000Z
1.1192700000000002,1.1193,1500000.0,939999.9976,2019-12-30T13:59:32.513000Z
1.11928,1.11931,4690000.0572,370000.0048,2019-12-30T13:59:32.615000Z
1.11928,1.1193,1500000.0,1120000.0048,2019-12-30T13:59:32.717000Z
1.1192700000000002,1.1192900000000001,750000.0,1500000.0,2019-12-30T13:59:32.818000Z
1.1192700000000002,1.1193,3750000.0,1500000.0,2019-12-30T13:59:37.358000Z
1.11928,1.1193,750000.0,1500000.0,2019-12-30T13:59:38.944000Z
1.1192700000000002,1.1193,2250000.0,819999.9928,2019-12-30T13:59:39.045000Z
1.11928,1.1193,750000.0,819999.9928,2019-12-30T13:59:39.247000Z
1.1193,1.11931,1570000.0525,449999.9881,2019-12-30T13:59:40.062000Z
1.1193,1.11933,2250000.0,449999.9881,2019-12-30T13:59:40.113000Z
1.11931,1.11934,189999.9976,2619999.8856,2019-12-30T13:59:40.620000Z
1.11933,1.11934,750000.0,370000.0048,2019-12-30T13:59:40.988000Z
1.11933,1.11935,750000.0,939999.9976,2019-12-30T13:59:41.621000Z
1.11933,1.11934,750000.0,750000.0,2019-12-30T13:59:42.986000Z
1.11933,1.11935,750000.0,1950000.0477,2019-12-30T13:59:43.340000Z
1.11935,1.1193600000000001,819999.9928,449999.9881,2019-12-30T13:59:43.441000Z
1.1193600000000001,1.1193700000000002,3000000.0,3000000.0,2019-12-30T13:59:43.492000Z
1.1193700000000002,1.11938,750000.0,1309999.9428,2019-12-30T13:59:43.594000Z
1.1193700000000002,1.11939,1500000.0,370000.0048,2019-12-30T13:59:43.695000Z
1.11938,1.1194,750000.0,3190000.0572,2019-12-30T13:59:43.848000Z
1.11939,1.11941,750000.0,1389999.9857,2019-12-30T13:59:44.550000Z
1.11938,1.1194,1690000.0572,3940000.0572,2019-12-30T13:59:44.651000Z
1.11939,1.1194,2619999.8856,750000.0,2019-12-30T13:59:46.146000Z
1.11941,1.11942,939999.9976,3000000.0,2019-12-30T13:59:46.197000Z
1.11941,1.11944,750000.0,3819999.9332,2019-12-30T13:59:46.298000Z
1.11942,1.11944,189999.9976,3640000.1049,2019-12-30T13:59:46.399000Z
1.11941,1.11943,1690000.0572,750000.0,2019-12-30T13:59:46.501000Z
1.11942,1.11945,750000.0,2059999.9428,2019-12-30T13:59:46.653000Z
1.11943,1.11945,750000.0,1120000.0048,2019-12-30T13:59:46.771000Z
1.11945,1.1194700000000002,750000.0,4199999.8093,2019-12-30T13:59:46.822000Z
1.1194600000000001,1.1194700000000002,750000.0,1120000.0048,2019-12-30T13:59:46.925000Z
1.1194600000000001,1.11948,750000.0,370000.0048,2019-12-30T13:59:47.077000Z
1.1194600000000001,1.11949,750000.0,1500000.0,2019-12-30T13:59:47.280000Z
1.1194700000000002,1.11949,750000.0,370000.0048,2019-12-30T13:59:47.331000Z
1.11948,1.1195000000000002,750000.0,4389999.8665,2019-12-30T13:59:47.432000Z
1.11948,1.11949,750000.0,750000.0,2019-12-30T13:59:54.783000Z
1.1194600000000001,1.1194700000000002,1870000.0048,1500000.0,2019-12-30T13:59:55.618000Z
1.11945,1.1194700000000002,7119999.8856,750000.0,2019-12-30T13:59:55.821000Z
1.1194700000000002,1.1195000000000002,750000.0,639999.9857,2019-12-30T13:59:55.923000Z
1.1194700000000002,1.11949,750000.0,1570000.0525,2019-12-30T13:59:56.981000Z
1.11948,1.1195000000000002,4309999.9428,1690000.0572,2019-12-30T13:59:57.319000Z
1.11949,1.11951,2440000.0572,100000.0015,2019-12-30T13:59:57.522000Z
1.11951,1.11952,750000.0,449999.9881,2019-12-30T13:59:57.624000Z
1.11949,1.11951,1570000.0525,819999.9928,2019-12-30T13:59:57.675000Z
1.11948,1.11949,750000.0,189999.9976,2019-12-30T13:59:57.777000Z
1.11948,1.1195000000000002,750000.0,1009999.9905,2019-12-30T13:59:58.657000Z
1.11948,1.11949,3000000.0,189999.9976,2019-12-30T13:59:58.759000Z
1.11948,1.1195000000000002,3190000.0572,1500000.0,2019-12-30T13:59:58.862000Z
1.1194700000000002,1.11948,750000.0,939999.9976,2019-12-30T14:00:00.093000Z
1.1194600000000001,1.11948,750000.0,4570000.1717,2019-12-30T14:00:00.194000Z
1.11945,1.11948,5320000.1717,1759999.9905,2019-12-30T14:00:00.245000Z
1.1194600000000001,1.11948,750000.0,370000.0048,2019-12-30T14:00:00.347000Z
1.1194600000000001,1.11949,1690000.0572,2250000.0,2019-12-30T14:00:00.701000Z
1.1194600000000001,1.11948,1120000.0048,370000.0048,2019-12-30T14:00:01.077000Z
1.1194600000000001,1.1194700000000002,370000.0048,750000.0,2019-12-30T14:00:01.280000Z
1.11944,1.1194600000000001,2809999.9428,259999.9905,2019-12-30T14:00:01.382000Z
1.11945,1.1194700000000002,750000.0,1950000.0477,2019-12-30T14:00:01.483000Z
1.1194600000000001,1.11948,750000.0,3259999.9905,2019-12-30T14:00:01.585000Z
1.1194600000000001,1.1194700000000002,1690000.0572,100000.0015,2019-12-30T14:00:01.687000Z
1.1194600000000001,1.11948,1500000.0,1500000.0,2019-12-30T14:00:01.819000Z
1.1194700000000002,1.11949,750000.0,2059999.9428,2019-12-30T14:00:02.527000Z
1.1194700000000002,1.1195000000000002,750000.0,2890000.1049,2019-12-30T14:00:02.883000Z
1.1194700000000002,1.11949,750000.0,449999.9881,2019-12-30T14:00:03.020000Z
1.1194700000000002,1.1195000000000002,750000.0,3640000.1049,2019-12-30T14:00:03.324000Z
1.1194700000000002,1.11949,750000.0,1120000.0048,2019-12-30T14:00:04.177000Z
1.1194700000000002,1.1195000000000002,750000.0,3450000.0477,2019-12-30T14:00:05.206000Z
1.1194700000000002,1.11949,750000.0,259999.9905,2019-12-30T14:00:05.608000Z
1.1194700000000002,1.11948,750000.0,100000.0015,2019-12-30T14:00:05.710000Z
1.11945,1.1194600000000001,2250000.0,750000.0,2019-12-30T14:00:05.761000Z
1.11945,1.1194700000000002,2250000.0,939999.9976,2019-12-30T14:00:05.889000Z
1.1194600000000001,1.1194700000000002,189999.9976,750000.0,2019-12-30T14:00:06.142000Z
1.1194600000000001,1.11948,189999.9976,639999.9857,2019-12-30T14:00:06.244000Z
1.1194600000000001,1.11949,3000000.0,1759999.9905,2019-12-30T14:00:06.703000Z
1.1194700000000002,1.11949,750000.0,1759999.9905,2019-12-30T14:00:06.805000Z
1.1194600000000001,1.11949,2250000.0,1009999.9905,2019-12-30T14:00:07.331000Z
1.1194600000000001,1.1194700000000002,750000.0,750000.0,2019-12-30T14:00:07.787000Z
1.11945,1.1194600000000001,750000.0,1690000.0572,2019-12-30T14:00:07.888000Z
1.11945,1.1194600000000001,1500000.0,100000.0015,2019-12-30T14:00:07.990000Z
1.11945,1.1194700000000002,1500000.0,1389999.9857,2019-12-30T14:00:08.092000Z
1.1194600000000001,1.11948,750000.0,2140000.1049,2019-12-30T14:00:08.194000Z
1.1194700000000002,1.11948,750000.0,189999.9976,2019-12-30T14:00:08.297000Z
1.1194700000000002,1.1195000000000002,2440000.0572,3450000.0477,2019-12-30T14:00:09.606000Z
1.1194700000000002,1.11949,2250000.0,750000.0,2019-12-30T14:00:10.315000Z
1.1194700000000002,1.1195000000000002,2250000.0,2140000.1049,2019-12-30T14:00:10.560000Z
1.11948,1.1195000000000002,939999.9976,5139999.8665,2019-12-30T14:00:11.166000Z
1.1194700000000002,1.1195000000000002,2440000.0572,3819999.9332,2019-12-30T14:00:11.674000Z
1.11948,1.1195000000000002,939999.9976,1950000.0477,2019-12-30T14:00:12.527000Z
1.1194700000000002,1.1195000000000002,2440000.0572,1759999.9905,2019-12-30T14:00:12.780000Z
1.11949,1.11951,750000.0,1200000.0477,2019-12-30T14:00:14.607000Z
1.11949,1.1195000000000002,750000.0,189999.9976,2019-12-30T14:00:14.709000Z
1.11948,1.11949,750000.0,370000.0048,2019-12-30T14:00:15.418000Z
1.1194700000000002,1.11949,2250000.0,189999.9976,2019-12-30T14:00:15.526000Z
1.11948,1.11949,750000.0,189999.9976,2019-12-30T14:00:15.949000Z
1.1194700000000002,1.11949,2250000.0,189999.9976,2019-12-30T14:00:16.061000Z
1.1194700000000002,1.11948,1500000.0,189999.9976,2019-12-30T14:00:16.264000Z
1.1194600000000001,1.11948,750000.0,370000.0048,2019-12-30T14:00:16.468000Z
1.1194600000000001,1.11949,2250000.0,2890000.1049,2019-12-30T14:00:17.336000Z
1.1194600000000001,1.11948,2250000.0,750000.0,2019-12-30T14:00:17.547000Z
1.1194600000000001,1.11949,2250000.0,2140000.1049,2019-12-30T14:00:17.650000Z
1.1194700000000002,1.11948,750000.0,189999.9976,2019-12-30T14:00:17.751000Z
1.1194600000000001,1.11948,2250000.0,189999.9976,2019-12-30T14:00:17.852000Z
1.1194700000000002,1.11948,2250000.0,189999.9976,2019-12-30T14:00:18.326000Z
1.1194700000000002,1.11949,2250000.0,1690000.0572,2019-12-30T14:00:18.428000Z
1.11948,1.11949,750000.0,939999.9976,2019-12-30T14:00:18.530000Z
1.1194700000000002,1.11949,2250000.0,939999.9976,2019-12-30T14:00:19.157000Z
1.1194700000000002,1.11948,1500000.0,1500000.0,2019-12-30T14:00:20.945000Z
1.1194700000000002,1.11949,1500000.0,4010000.2289,2019-12-30T14:00:21.179000Z
1.1194600000000001,1.11948,759999.9905,189999.9976,2019-12-30T14:00:21.230000Z
1.11945,1.1194600000000001,4309999.9428,1500000.0,2019-12-30T14:00:21.331000Z
1.11942,1.11944,7349999.9046,4840000.1526,2019-12-30T14:00:21.433000Z
1.1194,1.11944,189999.9976,4760000.2289,2019-12-30T14:00:21.484000Z
1.11942,1.11944,750000.0,6820000.1717,2019-12-30T14:00:21.535000Z
1.11942,1.11943,750000.0,750000.0,2019-12-30T14:00:21.637000Z
1.11941,1.11943,1500000.0,750000.0,2019-12-30T14:00:21.687000Z
1.1194,1.11944,2440000.0572,2140000.1049,2019-12-30T14:00:21.812000Z
1.11941,1.11944,750000.0,1389999.9857,2019-12-30T14:00:21.913000Z
1.11941,1.11945,3000000.0,1759999.9905,2019-12-30T14:00:22.116000Z
1.11942,1.11944,750000.0,1870000.0048,2019-12-30T14:00:22.318000Z
1.11942,1.11943,750000.0,189999.9976,2019-12-30T14:00:22.419000Z
1.11942,1.11944,1500000.0,370000.0048,2019-12-30T14:00:22.571000Z
1.11943,1.1194600000000001,750000.0,639999.9857,2019-12-30T14:00:23.179000Z
1.11943,1.11945,1500000.0,1389999.9857,2019-12-30T14:00:24.092000Z
1.11943,1.1194600000000001,1500000.0,1389999.9857,2019-12-30T14:00:24.497000Z
1.11943,1.11944,750000.0,740000.0095,2019-12-30T14:00:24.888000Z
1.11943,1.11945,750000.0,1389999.9857,2019-12-30T14:00:24.990000Z
1.11943,1.11944,750000.0,189999.9976,2019-12-30T14:00:25.294000Z
1.11944,1.11945,750000.0,189999.9976,2019-12-30T14:00:25.395000Z
1.11943,1.11945,750000.0,189999.9976,2019-12-30T14:00:25.547000Z
1.11943,1.11945,750000.0,1679999.9475,2019-12-30T14:00:25.648000Z
1.11943,1.11944,750000.0,449999.9881,2019-12-30T14:00:26.856000Z
1.11943,1.11945,750000.0,3819999.9332,2019-12-30T14:00:29.702000Z
1.11943,1.11944,750000.0,449999.9881,2019-12-30T14:00:31.811000Z
1.11942,1.11944,1500000.0,449999.9881,2019-12-30T14:00:31.912000Z
1.11942,1.11945,750000.0,2059999.9428,2019-12-30T14:00:33.102000Z
1.11943,1.11945,1500000.0,560000.0024,2019-12-30T14:00:33.456000Z
1.1194600000000001,1.1194700000000002,750000.0,4010000.2289,2019-12-30T14:00:33.558000Z
1.1194700000000002,1.11948,189999.9976,1009999.9905,2019-12-30T14:00:33.659000Z
1.1194700000000002,1.11949,3190000.0572,189999.9976,2019-12-30T14:00:33.761000Z
1.1194700000000002,1.11948,1309999.9428,750000.0,2019-12-30T14:00:38.789000Z
1.1194700000000002,1.11949,939999.9976,189999.9976,2019-12-30T14:00:39.094000Z
1.11948,1.11949,750000.0,189999.9976,2019-12-30T14:00:39.835000Z
1.11948,1.1195000000000002,750000.0,939999.9976,2019-12-30T14:00:43.147000Z
1.11952,1.11953,750000.0,3559999.9428,2019-12-30T14:00:44.220000Z
1.11952,1.11955,2250000.0,2700000.0477,2019-12-30T14:00:44.322000Z
1.11953,1.11955,750000.0,1759999.9905,2019-12-30T14:00:44.776000Z
1.11953,1.11954,750000.0,100000.0015,2019-12-30T14:00:46.111000Z
1.11953,1.11955,750000.0,1309999.9428,2019-12-30T14:00:46.630000Z
1.11954,1.11956,750000.0,1009999.9905,2019-12-30T14:00:46.798000Z
1.11953,1.11956,1500000.0,939999.9976,2019-12-30T14:00:46.899000Z
1.11953,1.11955,750000.0,100000.0015,2019-12-30T14:00:47.001000Z
1.11953,1.11956,1500000.0,1759999.9905,2019-12-30T14:00:47.337000Z
1.11954,1.11956,750000.0,3819999.9332,2019-12-30T14:00:47.489000Z
1.11954,1.11955,750000.0,189999.9976,2019-12-30T14:00:47.641000Z
1.11953,1.11955,3000000.0,189999.9976,2019-12-30T14:00:47.742000Z
1.11952,1.11955,1500000.0,259999.9905,2019-12-30T14:00:47.894000Z
1.11953,1.11955,750000.0,189999.9976,2019-12-30T14:00:48.400000Z
1.11952,1.11955,5619999.8856,189999.9976,2019-12-30T14:00:48.501000Z
1.11953,1.11955,560000.0024,189999.9976,2019-12-30T14:00:48.746000Z
1.11953,1.11956,1309999.9428,1500000.0,2019-12-30T14:00:48.848000Z
1.11955,1.1195700000000002,2440000.0572,4199999.8093,2019-12-30T14:00:48.950000Z
1.1195700000000002,1.11959,2250000.0,2440000.0572,2019-12-30T14:00:49.002000Z
1.11958,1.1196000000000002,2250000.0,1009999.9905,2019-12-30T14:00:49.103000Z
1.1196000000000002,1.11961,750000.0,1120000.0048,2019-12-30T14:00:49.255000Z
1.11962,1.11963,2440000.0572,5699999.8093,2019-12-30T14:00:49.357000Z
1.11965,1.1196700000000002,2059999.9428,2509999.9905,2019-12-30T14:00:49.408000Z
1.11965,1.11966,2140000.1049,939999.9976,2019-12-30T14:00:49.510000Z
1.11965,1.11968,4010000.2289,1870000.0048,2019-12-30T14:00:49.657000Z
1.11966,1.1196700000000002,730000.0191,370000.0048,2019-12-30T14:00:49.759000Z
1.11965,1.11966,1309999.9428,189999.9976,2019-12-30T14:00:49.862000Z
1.11965,1.1196700000000002,189999.9976,1500000.0,2019-12-30T14:00:49.913000Z
1.11966,1.1196700000000002,1870000.0048,750000.0,2019-12-30T14:00:50.116000Z
1.11966,1.11968,2609999.8951,750000.0,2019-12-30T14:00:50.217000Z
1.1196700000000002,1.11969,370000.0048,1009999.9905,2019-12-30T14:00:50.320000Z
1.11965,1.11966,3259999.9905,189999.9976,2019-12-30T14:00:50.539000Z
1.11965,1.1196700000000002,2250000.0,2440000.0572,2019-12-30T14:00:50.641000Z
1.11965,1.11966,1309999.9428,189999.9976,2019-12-30T14:00:50.794000Z
1.11964,1.11965,750000.0,939999.9976,2019-12-30T14:00:50.896000Z
1.11963,1.11965,4309999.9428,189999.9976,2019-12-30T14:00:50.998000Z
1.11963,1.11964,750000.0,189999.9976,2019-12-30T14:00:53.045000Z
1.11962,1.11963,2059999.9428,1570000.0525,2019-12-30T14:00:53.538000Z
1.1196000000000002,1.11961,2059999.9428,189999.9976,2019-12-30T14:00:53.590000Z
1.11962,1.11963,1870000.0048,2140000.1049,2019-12-30T14:00:53.742000Z
1.11962,1.11964,2809999.9428,939999.9976,2019-12-30T14:00:53.844000Z
1.11963,1.11964,370000.0048,189999.9976,2019-12-30T14:00:54.620000Z
1.11963,1.11965,100000.0015,750000.0,2019-12-30T14:00:54.824000Z
1.11963,1.11966,750000.0,2509999.9905,2019-12-30T14:00:54.926000Z
1.11962,1.11964,750000.0,3339999.9142,2019-12-30T14:00:55.028000Z
1.1196000000000002,1.11961,1500000.0,189999.9976,2019-12-30T14:00:55.079000Z
1.11959,1.1196000000000002,3000000.0,750000.0,2019-12-30T14:00:55.181000Z
1.11958,1.11959,750000.0,189999.9976,2019-12-30T14:00:55.282000Z
1.1195700000000002,1.11959,2809999.9428,189999.9976,2019-12-30T14:00:55.384000Z
1.1195700000000002,1.1196000000000002,1500000.0,639999.9857,2019-12-30T14:00:55.521000Z
1.11956,1.1196000000000002,5059999.9428,1389999.9857,2019-12-30T14:00:56.655000Z
1.1195700000000002,1.1196000000000002,750000.0,2960000.0381,2019-12-30T14:00:56.960000Z
1.11956,1.1196000000000002,5059999.9428,1460000.0381,2019-12-30T14:00:57.061000Z
1.11958,1.1196000000000002,750000.0,1009999.9905,2019-12-30T14:00:57.376000Z
1.1195700000000002,1.11959,750000.0,449999.9881,2019-12-30T14:00:58.299000Z
1.11956,1.11959,1500000.0,189999.9976,2019-12-30T14:00:58.401000Z
1.11956,1.11958,1500000.0,449999.9881,2019-12-30T14:00:58.502000Z
1.11956,1.11959,1500000.0,189999.9976,2019-12-30T14:00:58.603000Z
1.11956,1.11958,2809999.9428,750000.0,2019-12-30T14:00:58.869000Z
1.1195700000000002,1.11959,1500000.0,639999.9857,2019-12-30T14:00:58.971000Z
1.1195700000000002,1.1196000000000002,1500000.0,4570000.1717,2019-12-30T14:00:59.072000Z
1.11958,1.1196000000000002,750000.0,1200000.0477,2019-12-30T14:00:59.224000Z
1.11958,1.11959,750000.0,750000.0,2019-12-30T14:01:00.234000Z
1.11956,1.11959,3190000.0572,750000.0,2019-12-30T14:01:00.285000Z
1.11956,1.11958,5059999.9428,189999.9976,2019-12-30T14:01:00.413000Z
1.11956,1.11959,5809999.9428,639999.9857,2019-12-30T14:01:00.565000Z
1.11955,1.11956,750000.0,189999.9976,2019-12-30T14:01:00.667000Z
1.11955,1.1195700000000002,1309999.9428,2890000.1049,2019-12-30T14:01:00.768000Z
1.11956,1.11958,750000.0,1389999.9857,2019-12-30T14:01:01.073000Z
1.1195700000000002,1.11959,750000.0,1759999.9905,2019-12-30T14:01:01.174000Z
1.11955,1.11956,1500000.0,939999.9976,2019-12-30T14:01:01.225000Z
1.11954,1.11955,1759999.9905,189999.9976,2019-12-30T14:01:02.285000Z
1.11953,1.11955,750000.0,1759999.9905,2019-12-30T14:01:02.387000Z
1.11954,1.11956,750000.0,1009999.9905,2019-12-30T14:01:04.757000Z
1.11955,1.11956,939999.9976,1500000.0,2019-12-30T14:01:04.858000Z
1.11955,1.1195700000000002,2440000.0572,4199999.8093,2019-12-30T14:01:04.960000Z
1.11956,1.11959,750000.0,2890000.1049,2019-12-30T14:01:05.011000Z
1.1195700000000002,1.1196000000000002,1120000.0048,1759999.9905,2019-12-30T14:01:05.114000Z
1.1195700000000002,1.11959,2619999.8856,449999.9881,2019-12-30T14:01:05.216000Z
1.1195700000000002,1.1196000000000002,2619999.8856,2809999.9428,2019-12-30T14:01:05.368000Z
1.11959,1.1196000000000002,750000.0,939999.9976,2019-12-30T14:01:05.469000Z
1.1196000000000002,1.11962,2509999.9905,1950000.0477,2019-12-30T14:01:05.520000Z
1.11962,1.11964,750000.0,1309999.9428,2019-12-30T14:01:05.598000Z
1.11964,1.11966,819999.9928,1200000.0477,2019-12-30T14:01:05.699000Z
1.11965,1.11966,2250000.0,449999.9881,2019-12-30T14:01:05.801000Z
1.11965,1.1196700000000002,2509999.9905,189999.9976,2019-12-30T14:01:05.902000Z
1.11966,1.1196700000000002,750000.0,939999.9976,2019-12-30T14:01:06.004000Z
1.1196700000000002,1.1197000000000001,750000.0,4389999.8665,2019-12-30T14:01:06.565000Z
1.11966,1.11968,3940000.0572,750000.0,2019-12-30T14:01:07.107000Z
1.11965,1.11966,1309999.9428,1690000.0572,2019-12-30T14:01:07.513000Z
1.11964,1.11966,2440000.0572,560000.0024,2019-12-30T14:01:08.087000Z
1.11965,1.1196700000000002,939999.9976,4949999.8093,2019-12-30T14:01:08.189000Z
1.11966,1.1196700000000002,1690000.0572,750000.0,2019-12-30T14:01:08.442000Z
1.1196700000000002,1.11968,750000.0,189999.9976,2019-12-30T14:01:08.594000Z
1.11966,1.11968,189999.9976,639999.9857,2019-12-30T14:01:08.746000Z
1.11964,1.1196700000000002,3750000.0,370000.0048,2019-12-30T14:01:08.797000Z
1.11964,1.11966,3000000.0,750000.0,2019-12-30T14:01:08.937000Z
1.11965,1.11966,189999.9976,750000.0,2019-12-30T14:01:09.039000Z
1.11966,1.1196700000000002,750000.0,1950000.0477,2019-12-30T14:01:09.141000Z
1.11965,1.11966,1690000.0572,750000.0,2019-12-30T14:01:09.242000Z
1.11966,1.1196700000000002,750000.0,1950000.0477,2019-12-30T14:01:09.385000Z
1.11965,1.11966,939999.9976,750000.0,2019-12-30T14:01:09.487000Z
1.11965,1.1196700000000002,189999.9976,1950000.0477,2019-12-30T14:01:09.588000Z
1.11965,1.11966,189999.9976,750000.0,2019-12-30T14:01:09.706000Z
1.11963,1.11965,1500000.0,189999.9976,2019-12-30T14:01:09.808000Z
1.11962,1.11963,2250000.0,1200000.0477,2019-12-30T14:01:09.859000Z
1.1196000000000002,1.11962,5059999.9428,1950000.0477,2019-12-30T14:01:09.961000Z
1.11962,1.11963,750000.0,449999.9881,2019-12-30T14:01:10.012000Z
1.11962,1.11964,1500000.0,3819999.9332,2019-12-30T14:01:10.063000Z
1.11962,1.11963,1500000.0,189999.9976,2019-12-30T14:01:10.165000Z
1.11962,1.11964,1500000.0,1200000.0477,2019-12-30T14:01:10.418000Z
1.11963,1.11964,750000.0,2509999.9905,2019-12-30T14:01:11.129000Z
1.11963,1.11964,750000.0,750000.0,2019-12-30T14:01:11.230000Z
1.11963,1.11965,750000.0,1570000.0525,2019-12-30T14:01:13.040000Z
1.11964,1.11965,750000.0,449999.9881,2019-12-30T14:01:14.804000Z
1.11965,1.1196700000000002,1500000.0,2440000.0572,2019-12-30T14:01:14.906000Z
1.11965,1.11966,750000.0,939999.9976,2019-12-30T14:01:15.008000Z
1.11964,1.11966,1500000.0,189999.9976,2019-12-30T14:01:15.135000Z
1.11964,1.11965,1309999.9428,189999.9976,2019-12-30T14:01:15.287000Z
1.11962,1.11964,2589999.9142,189999.9976,2019-12-30T14:01:15.338000Z
1.1196000000000002,1.11962,2059999.9428,2059999.9428,2019-12-30T14:01:15.439000Z
1.11962,1.11963,1500000.0,1950000.0477,2019-12-30T14:01:15.542000Z
1.11962,1.11965,3000000.0,2700000.0477,2019-12-30T14:01:15.592000Z
1.11962,1.11964,1309999.9428,4389999.8665,2019-12-30T14:01:17.305000Z
1.11961,1.11962,750000.0,750000.0,2019-12-30T14:01:17.356000Z
1.1196000000000002,1.11962,2809999.9428,1200000.0477,2019-12-30T14:01:17.457000Z
1.1196000000000002,1.11961,1309999.9428,1690000.0572,2019-12-30T14:01:17.985000Z
1.1196000000000002,1.11962,3000000.0,1950000.0477,2019-12-30T14:01:18.137000Z
1.1196000000000002,1.11963,3000000.0,1200000.0477,2019-12-30T14:01:18.239000Z
1.11961,1.11962,750000.0,370000.0048,2019-12-30T14:01:18.944000Z
1.1196000000000002,1.11963,3940000.0572,449999.9881,2019-12-30T14:01:19.046000Z
1.11962,1.11965,750000.0,1389999.9857,2019-12-30T14:01:19.148000Z
1.11962,1.11964,1120000.0048,449999.9881,2019-12-30T14:01:19.286000Z
1.1196000000000002,1.11963,1690000.0572,2890000.1049,2019-12-30T14:01:19.388000Z
1.11962,1.11963,370000.0048,1309999.9428,2019-12-30T14:01:19.489000Z
1.11962,1.11964,370000.0048,449999.9881,2019-12-30T14:01:19.590000Z
1.11961,1.11964,939999.9976,449999.9881,2019-12-30T14:01:19.997000Z
1.1196000000000002,1.11964,3940000.0572,5320000.1717,2019-12-30T14:01:20.250000Z
1.11961,1.11963,750000.0,449999.9881,2019-12-30T14:01:20.554000Z
1.1196000000000002,1.11964,6750000.0,2890000.1049,2019-12-30T14:01:22.799000Z
1.1196000000000002,1.11962,2059999.9428,2250000.0,2019-12-30T14:01:22.901000Z
1.11959,1.11961,1690000.0572,370000.0048,2019-12-30T14:01:23.002000Z
1.1196000000000002,1.11961,189999.9976,370000.0048,2019-12-30T14:01:23.235000Z
1.11961,1.11962,939999.9976,4760000.2289,2019-12-30T14:01:23.337000Z
1.11961,1.11963,3190000.0572,1950000.0477,2019-12-30T14:01:23.438000Z
1.11961,1.11965,4690000.0572,5510000.2289,2019-12-30T14:01:23.540000Z
1.11962,1.11964,750000.0,370000.0048,2019-12-30T14:01:23.896000Z
1.11962,1.11963,1870000.0048,449999.9881,2019-12-30T14:01:24.149000Z
1.11962,1.11964,1120000.0048,370000.0048,2019-12-30T14:01:24.300000Z
1.11961,1.11963,1500000.0,370000.0048,2019-12-30T14:01:24.749000Z
1.11961,1.11964,819999.9928,2700000.0477,2019-12-30T14:01:25.639000Z
1.11961,1.11963,1500000.0,1200000.0477,2019-12-30T14:01:25.741000Z
1.1196000000000002,1.11962,939999.9976,3069999.9332,2019-12-30T14:01:25.842000Z
1.1196000000000002,1.11963,3190000.0572,1759999.9905,2019-12-30T14:01:25.995000Z
1.11961,1.11963,750000.0,1200000.0477,2019-12-30T14:01:26.097000Z
1.11962,1.11964,750000.0,2700000.0477,2019-12-30T14:01:26.445000Z
1.11962,1.11963,750000.0,939999.9976,2019-12-30T14:01:26.792000Z
1.1196000000000002,1.11962,370000.0048,1500000.0,2019-12-30T14:01:27.098000Z
1.11961,1.11963,939999.9976,750000.0,2019-12-30T14:01:27.237000Z
1.1196000000000002,1.11963,1690000.0572,370000.0048,2019-12-30T14:01:28.159000Z
1.11961,1.11963,750000.0,750000.0,2019-12-30T14:01:29.405000Z
1.11959,1.1196000000000002,189999.9976,750000.0,2019-12-30T14:01:29.856000Z
1.11955,1.11956,5440000.0572,750000.0,2019-12-30T14:01:29.958000Z
1.11954,1.11955,1500000.0,3069999.9332,2019-12-30T14:01:30.060000Z
1.11951,1.11954,3000000.0,449999.9881,2019-12-30T14:01:30.312000Z
1.11951,1.11955,1690000.0572,1759999.9905,2019-12-30T14:01:30.416000Z
1.11951,1.11954,2250000.0,560000.0024,2019-12-30T14:01:30.518000Z
1.11953,1.11955,560000.0024,2319999.9332,2019-12-30T14:01:30.738000Z
1.11952,1.11956,6000000.0,1389999.9857,2019-12-30T14:01:30.940000Z
1.11953,1.11956,750000.0,939999.9976,2019-12-30T14:01:31.042000Z
1.11953,1.11954,750000.0,449999.9881,2019-12-30T14:01:31.143000Z
1.11953,1.11955,750000.0,639999.9857,2019-12-30T14:01:31.245000Z
1.11951,1.11955,2319999.9332,4199999.8093,2019-12-30T14:01:33.262000Z
1.11951,1.11953,1570000.0525,449999.9881,2019-12-30T14:01:33.313000Z
1.11951,1.11955,2319999.9332,3450000.0477,2019-12-30T14:01:33.465000Z
1.11951,1.11954,2319999.9332,750000.0,2019-12-30T14:01:33.784000Z
1.11953,1.11954,100000.0015,750000.0,2019-12-30T14:01:33.886000Z
1.11952,1.11954,100000.0015,750000.0,2019-12-30T14:01:34.062000Z
1.1195000000000002,1.11951,2059999.9428,1500000.0,2019-12-30T14:01:34.928000Z
1.11948,1.11951,3259999.9905,939999.9976,2019-12-30T14:01:34.978000Z
1.11949,1.11951,1309999.9428,1759999.9905,2019-12-30T14:01:35.958000Z
1.11951,1.11952,2250000.0,1759999.9905,2019-12-30T14:01:36.009000Z
1.11953,1.11954,100000.0015,2700000.0477,2019-12-30T14:01:36.110000Z
1.11953,1.11955,819999.9928,1389999.9857,2019-12-30T14:01:36.211000Z
1.11953,1.11954,819999.9928,449999.9881,2019-12-30T14:01:38.427000Z
1.11953,1.11955,1570000.0525,939999.9976,2019-12-30T14:01:39.497000Z
1.11954,1.11956,819999.9928,639999.9857,2019-12-30T14:01:39.598000Z
1.11952,1.11954,2700000.0477,750000.0,2019-12-30T14:01:39.674000Z
1.11952,1.11953,750000.0,750000.0,2019-12-30T14:01:39.928000Z
1.11952,1.11954,1759999.9905,189999.9976,2019-12-30T14:01:40.138000Z
1.11953,1.11954,100000.0015,189999.9976,2019-12-30T14:01:40.240000Z
1.11954,1.11955,100000.0015,189999.9976,2019-12-30T14:01:41.037000Z
1.11954,1.11956,100000.0015,449999.9881,2019-12-30T14:01:41.088000Z
1.11954,1.1195700000000002,100000.0015,3819999.9332,2019-12-30T14:01:41.250000Z
1.11953,1.11955,3750000.0,189999.9976,2019-12-30T14:01:41.300000Z
1.11953,1.11956,1500000.0,3069999.9332,2019-12-30T14:01:42.537000Z
1.11953,1.11955,1500000.0,189999.9976,2019-12-30T14:01:42.638000Z
1.11954,1.1195700000000002,189999.9976,5139999.8665,2019-12-30T14:01:43.644000Z
1.11956,1.1195700000000002,750000.0,1570000.0525,2019-12-30T14:01:43.695000Z
1.11955,1.11958,939999.9976,2140000.1049,2019-12-30T14:01:43.796000Z
1.11955,1.1195700000000002,939999.9976,189999.9976,2019-12-30T14:01:44.100000Z
1.11956,1.1195700000000002,100000.0015,750000.0,2019-12-30T14:01:44.235000Z
1.11956,1.11958,100000.0015,1009999.9905,2019-12-30T14:01:44.488000Z
1.11956,1.1195700000000002,100000.0015,449999.9881,2019-12-30T14:01:44.786000Z
1.11955,1.1195700000000002,1500000.0,449999.9881,2019-12-30T14:01:44.887000Z
1.11956,1.11958,100000.0015,449999.9881,2019-12-30T14:01:44.988000Z
1.11956,1.11959,2319999.9332,449999.9881,2019-12-30T14:01:45.090000Z
1.11956,1.1196000000000002,3069999.9332,3450000.0477,2019-12-30T14:01:45.191000Z
1.11958,1.11959,750000.0,449999.9881,2019-12-30T14:01:45.293000Z
1.11958,1.11959,750000.0,449999.9881,2019-12-30T14:01:45.394000Z
1.1195700000000002,1.11959,1500000.0,449999.9881,2019-12-30T14:01:46.981000Z
1.1195700000000002,1.1196000000000002,1570000.0525,3069999.9332,2019-12-30T14:01:47.436000Z
1.11958,1.1196000000000002,750000.0,2319999.9332,2019-12-30T14:01:47.940000Z
1.11958,1.11959,750000.0,750000.0,2019-12-30T14:01:48.294000Z
1.1195700000000002,1.11959,1500000.0,449999.9881,2019-12-30T14:01:48.395000Z
1.1195700000000002,1.11958,1500000.0,560000.0024,2019-12-30T14:01:48.496000Z
