bid,ask,bid_vol,ask_vol,time
1.1037299999999999,1.1037700000000001,1250000.0,7309999.9428,2019-08-30T12:45:00.522000Z
1.1037299999999999,1.10376,1690000.0572,1000000.0,2019-08-30T12:45:00.725000Z
1.1037299999999999,1.1037700000000001,1250000.0,7309999.9428,2019-08-30T12:45:00.831000Z
1.1037299999999999,1.10376,1250000.0,1000000.0,2019-08-30T12:45:01.030000Z
1.10374,1.1037700000000001,2250000.0,1889999.9857,2019-08-30T12:45:02.776000Z
1.10374,1.1037700000000001,1100000.0238,2059999.9428,2019-08-30T12:45:02.878000Z
1.10374,1.1037700000000001,1750000.0,1200000.0477,2019-08-30T12:45:03.030000Z
1.10374,1.10378,1250000.0,8289999.9619,2019-08-30T12:45:03.131000Z
1.10375,1.10379,2500000.0,2819999.9332,2019-08-30T12:45:03.762000Z
1.10376,1.10379,1250000.0,2319999.9332,2019-08-30T12:45:03.813000Z
1.10376,1.1037700000000001,1250000.0,3750000.0,2019-08-30T12:45:03.865000Z
1.10376,1.10378,2500000.0,1500000.0,2019-08-30T12:45:03.995000Z
1.10376,1.10379,1250000.0,2059999.9428,2019-08-30T12:45:04.097000Z
1.10376,1.10378,1750000.0,5250000.0,2019-08-30T12:45:04.249000Z
1.10376,1.10379,1250000.0,2059999.9428,2019-08-30T12:45:04.351000Z
1.10374,1.10379,4449999.8093,1309999.9428,2019-08-30T12:45:04.732000Z
1.10375,1.10378,1389999.9857,1000000.0,2019-08-30T12:45:06.761000Z
1.10375,1.1037700000000001,1100000.0238,4869999.8856,2019-08-30T12:45:06.862000Z
1.1037299999999999,1.1037700000000001,1250000.0,5619999.8856,2019-08-30T12:45:09.530000Z
1.1037299999999999,1.10375,1000000.0,2250000.0,2019-08-30T12:45:09.582000Z
1.10372,1.10375,2809999.9428,5619999.8856,2019-08-30T12:45:10.093000Z
1.10372,1.1037299999999999,1250000.0,1120000.0048,2019-08-30T12:45:10.194000Z
1.1037100000000002,1.10372,1250000.0,1000000.0,2019-08-30T12:45:10.296000Z
1.1037000000000001,1.1037299999999999,2059999.9428,1120000.0048,2019-08-30T12:45:10.398000Z
1.1037100000000002,1.10374,1309999.9428,1870000.0048,2019-08-30T12:45:10.787000Z
1.10372,1.10374,1250000.0,2250000.0,2019-08-30T12:45:10.989000Z
1.1037100000000002,1.1037299999999999,2119999.8856,1000000.0,2019-08-30T12:45:13.895000Z
1.1037000000000001,1.1037299999999999,3670000.0763,1000000.0,2019-08-30T12:45:13.997000Z
1.1037100000000002,1.10375,2440000.0572,2809999.9428,2019-08-30T12:45:14.478000Z
1.10372,1.10375,1000000.0,2059999.9428,2019-08-30T12:45:14.934000Z
1.1037100000000002,1.10375,2440000.0572,1309999.9428,2019-08-30T12:45:15.499000Z
1.10372,1.10375,1250000.0,1120000.0048,2019-08-30T12:45:15.600000Z
1.10374,1.10376,1000000.0,7440000.0572,2019-08-30T12:45:19.321000Z
1.10374,1.10376,1000000.0,5619999.8856,2019-08-30T12:45:19.422000Z
1.10374,1.10375,1000000.0,1000000.0,2019-08-30T12:45:19.574000Z
1.1037299999999999,1.10375,1500000.0,1100000.0238,2019-08-30T12:45:19.933000Z
1.1037299999999999,1.10375,1000000.0,2000000.0,2019-08-30T12:45:20.236000Z
1.1037299999999999,1.10375,1000000.0,1120000.0048,2019-08-30T12:45:20.337000Z
1.10374,1.10376,1000000.0,2000000.0,2019-08-30T12:45:21.010000Z
1.1037299999999999,1.10375,1250000.0,3750000.0,2019-08-30T12:45:21.375000Z
1.10372,1.10374,1000000.0,1870000.0048,2019-08-30T12:45:21.793000Z
1.1037000000000001,1.10374,3000000.0,4869999.8856,2019-08-30T12:45:21.844000Z
1.1037100000000002,1.10374,1250000.0,2619999.8856,2019-08-30T12:45:21.895000Z
1.1037100000000002,1.10375,3000000.0,1500000.0,2019-08-30T12:45:22.097000Z
1.10372,1.10375,2140000.1049,1000000.0,2019-08-30T12:45:22.198000Z
1.10372,1.10375,3319999.9332,1000000.0,2019-08-30T12:45:22.299000Z
1.10375,1.1037700000000001,1690000.0572,1000000.0,2019-08-30T12:45:24.274000Z
1.10379,1.1038000000000001,1000000.0,1250000.0,2019-08-30T12:45:24.365000Z
1.1038100000000002,1.10383,1000000.0,2119999.8856,2019-08-30T12:45:24.419000Z
1.10382,1.10384,1120000.0048,3940000.0572,2019-08-30T12:45:24.470000Z
1.1038100000000002,1.10382,1570000.0525,1000000.0,2019-08-30T12:45:24.520000Z
1.1038000000000001,1.10382,1000000.0,2619999.8856,2019-08-30T12:45:24.622000Z
1.10379,1.10382,2809999.9428,4119999.8856,2019-08-30T12:45:24.724000Z
1.10379,1.10382,1500000.0,4440000.0572,2019-08-30T12:45:25.637000Z
1.1037700000000001,1.1038100000000002,1250000.0,1309999.9428,2019-08-30T12:45:26.615000Z
1.1037700000000001,1.1038100000000002,2160000.0858,1690000.0572,2019-08-30T12:45:26.717000Z
1.1037700000000001,1.1038100000000002,1250000.0,1690000.0572,2019-08-30T12:45:26.818000Z
1.1037700000000001,1.1038000000000001,1250000.0,1000000.0,2019-08-30T12:45:28.027000Z
1.1037700000000001,1.10382,1690000.0572,5699999.8093,2019-08-30T12:45:30.711000Z
1.10379,1.10382,3369999.8856,1120000.0048,2019-08-30T12:45:31.343000Z
1.10379,1.10383,2559999.9428,3940000.0572,2019-08-30T12:45:31.444000Z
1.1038000000000001,1.10382,1309999.9428,1000000.0,2019-08-30T12:45:31.698000Z
1.10379,1.10383,3369999.8856,1500000.0,2019-08-30T12:45:32.262000Z
1.10379,1.10383,3369999.8856,2369999.8856,2019-08-30T12:45:32.377000Z
1.10379,1.10382,1690000.0572,1120000.0048,2019-08-30T12:45:33.144000Z
1.10379,1.10383,5349999.9046,4119999.8856,2019-08-30T12:45:33.289000Z
1.10379,1.10383,4000000.0,2000000.0,2019-08-30T12:45:33.390000Z
1.1038000000000001,1.10384,2869999.8856,1000000.0,2019-08-30T12:45:34.871000Z
1.1038000000000001,1.10385,2869999.8856,5260000.2289,2019-08-30T12:45:34.922000Z
1.1038100000000002,1.10384,2500000.0,1120000.0048,2019-08-30T12:45:35.352000Z
1.1038100000000002,1.10385,2869999.8856,1120000.0048,2019-08-30T12:45:37.062000Z
1.10382,1.10385,1750000.0,4869999.8856,2019-08-30T12:45:41.324000Z
1.10382,1.10385,1250000.0,4869999.8856,2019-08-30T12:45:41.722000Z
1.1038100000000002,1.10384,2869999.8856,1000000.0,2019-08-30T12:45:41.924000Z
1.1038000000000001,1.10383,1120000.0048,1309999.9428,2019-08-30T12:45:42.038000Z
1.10379,1.10383,2809999.9428,1309999.9428,2019-08-30T12:45:42.190000Z
1.10379,1.10383,1870000.0048,3700000.0477,2019-08-30T12:45:42.291000Z
1.1038000000000001,1.10382,1000000.0,1000000.0,2019-08-30T12:45:42.392000Z
1.10379,1.10383,2140000.1049,1759999.9905,2019-08-30T12:45:42.672000Z
1.10379,1.10383,2059999.9428,3759999.9905,2019-08-30T12:45:42.807000Z
1.10379,1.10382,2059999.9428,2369999.8856,2019-08-30T12:45:43.318000Z
1.1038000000000001,1.1038100000000002,1000000.0,1120000.0048,2019-08-30T12:45:43.640000Z
1.10379,1.10382,2059999.9428,2819999.9332,2019-08-30T12:45:43.742000Z
1.10379,1.10382,5500000.0,1509999.9905,2019-08-30T12:45:44.219000Z
1.1038100000000002,1.10383,1370000.0048,3069999.9332,2019-08-30T12:45:44.270000Z
1.10382,1.10384,1250000.0,2059999.9428,2019-08-30T12:45:44.371000Z
1.10382,1.10384,1250000.0,1120000.0048,2019-08-30T12:45:44.472000Z
1.10382,1.10384,1250000.0,1120000.0048,2019-08-30T12:45:44.793000Z
1.10383,1.10384,1000000.0,1000000.0,2019-08-30T12:45:51.790000Z
1.10383,1.10386,4000000.0,12710000.0381,2019-08-30T12:45:52.784000Z
1.10383,1.10385,1000000.0,135669998.1689,2019-08-30T12:45:53.780000Z
1.10382,1.10384,1809999.9428,1500000.0,2019-08-30T12:45:54.529000Z
1.10383,1.10385,1000000.0,131919998.1689,2019-08-30T12:45:55.511000Z
1.10382,1.10384,1750000.0,1000000.0,2019-08-30T12:45:55.765000Z
1.10382,1.10386,1750000.0,7809999.9428,2019-08-30T12:45:56.223000Z
1.10384,1.1038700000000001,2809999.9428,4199999.8093,2019-08-30T12:45:56.325000Z
1.10386,1.10388,1250000.0,1250000.0,2019-08-30T12:45:56.578000Z
1.10386,1.10389,1250000.0,2619999.8856,2019-08-30T12:45:56.743000Z
1.10386,1.10389,1809999.9428,1870000.0048,2019-08-30T12:45:56.844000Z
1.10386,1.10389,3190000.0572,1870000.0048,2019-08-30T12:45:56.945000Z
1.10386,1.1039,4070000.1717,2619999.8856,2019-08-30T12:45:57.047000Z
1.1038700000000001,1.1039,1350000.0238,1870000.0048,2019-08-30T12:45:58.674000Z
1.1038700000000001,1.1039,1009999.9905,1870000.0048,2019-08-30T12:45:58.775000Z
1.10386,1.1039,4570000.1717,1870000.0048,2019-08-30T12:45:58.977000Z
1.10389,1.1039100000000002,1250000.0,2069999.9332,2019-08-30T12:46:02.781000Z
1.1039,1.1039200000000002,2250000.0,4949999.8093,2019-08-30T12:46:02.882000Z
1.1039100000000002,1.10394,1250000.0,1870000.0048,2019-08-30T12:46:02.984000Z
1.10389,1.10393,2619999.8856,1690000.0572,2019-08-30T12:46:03.174000Z
1.1039100000000002,1.10394,1000000.0,2069999.9332,2019-08-30T12:46:03.225000Z
1.1039,1.10394,5440000.0572,3069999.9332,2019-08-30T12:46:03.326000Z
1.1039100000000002,1.10395,2119999.8856,1100000.0238,2019-08-30T12:46:03.428000Z
1.1039100000000002,1.10395,5500000.0,699999.9881,2019-08-30T12:46:03.680000Z
1.1039200000000002,1.10395,1250000.0,1600000.0238,2019-08-30T12:46:03.895000Z
1.1039,1.10394,4690000.0572,1759999.9905,2019-08-30T12:46:04.674000Z
1.10389,1.10393,1750000.0,2250000.0,2019-08-30T12:46:04.827000Z
1.10389,1.1039200000000002,6190000.0572,1500000.0,2019-08-30T12:46:04.878000Z
1.1039200000000002,1.10395,1000000.0,5949999.8093,2019-08-30T12:46:04.979000Z
1.1039200000000002,1.10395,1870000.0048,2349999.9046,2019-08-30T12:46:05.081000Z
1.10393,1.10395,1000000.0,699999.9881,2019-08-30T12:46:05.384000Z
1.1039200000000002,1.10395,1690000.0572,100000.0015,2019-08-30T12:46:05.587000Z
1.10393,1.10395,1000000.0,100000.0015,2019-08-30T12:46:06.003000Z
1.1039200000000002,1.10395,1690000.0572,100000.0015,2019-08-30T12:46:06.104000Z
1.1039200000000002,1.10395,1809999.9428,100000.0015,2019-08-30T12:46:06.256000Z
1.1039200000000002,1.10395,1690000.0572,200000.003,2019-08-30T12:46:07.223000Z
1.10393,1.10395,1000000.0,200000.003,2019-08-30T12:46:07.324000Z
1.1039200000000002,1.10395,1690000.0572,200000.003,2019-08-30T12:46:07.914000Z
1.10393,1.10395,1000000.0,100000.0015,2019-08-30T12:46:08.066000Z
1.10394,1.10395,1000000.0,200000.003,2019-08-30T12:46:08.775000Z
1.10393,1.10395,1000000.0,200000.003,2019-08-30T12:46:08.876000Z
1.10394,1.10395,1000000.0,100000.0015,2019-08-30T12:46:10.066000Z
1.10393,1.10395,1250000.0,100000.0015,2019-08-30T12:46:10.167000Z
1.10394,1.10395,1000000.0,100000.0015,2019-08-30T12:46:10.319000Z
1.10393,1.10395,1250000.0,100000.0015,2019-08-30T12:46:10.420000Z
1.10394,1.10395,1000000.0,100000.0015,2019-08-30T12:46:10.987000Z
1.10393,1.10395,1690000.0572,100000.0015,2019-08-30T12:46:11.109000Z
1.10393,1.10395,2190000.0572,100000.0015,2019-08-30T12:46:11.334000Z
1.10393,1.10395,2059999.9428,100000.0015,2019-08-30T12:46:12.423000Z
1.1039100000000002,1.10395,5250000.0,2099999.9046,2019-08-30T12:46:14.078000Z
1.1039200000000002,1.10395,2190000.0572,100000.0015,2019-08-30T12:46:14.332000Z
1.10393,1.10395,1750000.0,100000.0015,2019-08-30T12:46:18.268000Z
1.1039200000000002,1.10395,3750000.0,200000.003,2019-08-30T12:46:18.383000Z
1.10393,1.10395,1500000.0,200000.003,2019-08-30T12:46:18.637000Z
1.1039200000000002,1.10395,4440000.0572,200000.003,2019-08-30T12:46:18.738000Z
1.10394,1.10395,1000000.0,200000.003,2019-08-30T12:46:18.902000Z
1.10393,1.10395,1000000.0,200000.003,2019-08-30T12:46:19.094000Z
1.1039200000000002,1.10395,4690000.0572,100000.0015,2019-08-30T12:46:20.036000Z
1.10393,1.10395,1000000.0,100000.0015,2019-08-30T12:46:20.217000Z
1.10393,1.10395,2869999.8856,100000.0015,2019-08-30T12:46:20.420000Z
1.10393,1.10395,1309999.9428,100000.0015,2019-08-30T12:46:20.521000Z
1.10394,1.10395,1000000.0,100000.0015,2019-08-30T12:46:22.032000Z
1.10393,1.10395,1500000.0,100000.0015,2019-08-30T12:46:22.133000Z
1.10394,1.10395,1000000.0,100000.0015,2019-08-30T12:46:23.471000Z
1.10394,1.10395,5809999.9428,100000.0015,2019-08-30T12:46:24.075000Z
1.10396,1.10398,1500000.0,2319999.9332,2019-08-30T12:46:24.127000Z
1.10395,1.1039700000000001,1250000.0,2849999.9046,2019-08-30T12:46:24.229000Z
1.10394,1.10395,3190000.0572,100000.0015,2019-08-30T12:46:24.280000Z
1.10394,1.1039700000000001,2250000.0,1789999.9619,2019-08-30T12:46:24.432000Z
1.10394,1.1039700000000001,1870000.0048,1389999.9857,2019-08-30T12:46:24.576000Z
1.10394,1.1039700000000001,2000000.0,1909999.9666,2019-08-30T12:46:24.778000Z
1.10394,1.1039700000000001,1500000.0,2509999.9905,2019-08-30T12:46:25.547000Z
1.10396,1.1039700000000001,1500000.0,1000000.0,2019-08-30T12:46:25.902000Z
1.1039700000000001,1.10398,1000000.0,1000000.0,2019-08-30T12:46:26.004000Z
1.10396,1.104,5119999.8856,1200000.0477,2019-08-30T12:46:26.055000Z
1.10396,1.104,4809999.9428,2160000.0858,2019-08-30T12:46:27.170000Z
1.10396,1.104,3309999.9428,1389999.9857,2019-08-30T12:46:27.271000Z
1.10396,1.104,3309999.9428,1409999.9666,2019-08-30T12:46:27.419000Z
1.10396,1.104,2440000.0572,1789999.9619,2019-08-30T12:46:27.520000Z
1.10396,1.104,2440000.0572,1759999.9905,2019-08-30T12:46:28.129000Z
1.1039700000000001,1.104,1000000.0,1759999.9905,2019-08-30T12:46:30.501000Z
1.10398,1.104,1000000.0,4010000.2289,2019-08-30T12:46:30.621000Z
1.1039700000000001,1.104,1000000.0,1759999.9905,2019-08-30T12:46:31.074000Z
1.1039700000000001,1.10399,1000000.0,1000000.0,2019-08-30T12:46:31.291000Z
1.1039700000000001,1.104,1000000.0,1389999.9857,2019-08-30T12:46:31.400000Z
1.10398,1.104,1000000.0,2890000.1049,2019-08-30T12:46:31.959000Z
1.10396,1.104,3190000.0572,1389999.9857,2019-08-30T12:46:32.083000Z
1.1039700000000001,1.104,1000000.0,3259999.9905,2019-08-30T12:46:32.389000Z
1.1039700000000001,1.10399,1000000.0,1000000.0,2019-08-30T12:46:33.131000Z
1.1039700000000001,1.10398,1000000.0,1000000.0,2019-08-30T12:46:33.239000Z
1.10395,1.10398,1870000.0048,1789999.9619,2019-08-30T12:46:33.290000Z
1.10396,1.10398,1000000.0,3289999.9619,2019-08-30T12:46:33.391000Z
1.10395,1.10398,2059999.9428,1100000.0238,2019-08-30T12:46:33.493000Z
1.10396,1.10398,1000000.0,1570000.0525,2019-08-30T12:46:33.793000Z
1.1039700000000001,1.10398,1000000.0,1000000.0,2019-08-30T12:46:33.956000Z
1.10396,1.10399,1690000.0572,1870000.0048,2019-08-30T12:46:34.057000Z
1.1039700000000001,1.10399,1000000.0,2700000.0477,2019-08-30T12:46:34.165000Z
1.10396,1.10399,1690000.0572,1120000.0048,2019-08-30T12:46:34.267000Z
1.10396,1.10399,1250000.0,2349999.9046,2019-08-30T12:46:34.368000Z
1.10395,1.10398,2250000.0,5119999.8856,2019-08-30T12:46:34.520000Z
1.10395,1.10398,1000000.0,3640000.1049,2019-08-30T12:46:34.621000Z
1.10394,1.1039700000000001,2250000.0,1820000.0525,2019-08-30T12:46:34.773000Z
1.10394,1.1039700000000001,3000000.0,1759999.9905,2019-08-30T12:46:34.874000Z
1.10393,1.10396,1120000.0048,1250000.0,2019-08-30T12:46:35.392000Z
1.1039200000000002,1.10395,3369999.8856,1009999.9905,2019-08-30T12:46:35.493000Z
1.10393,1.10396,1000000.0,3099999.9046,2019-08-30T12:46:35.645000Z
1.1039200000000002,1.1039700000000001,2619999.8856,8600000.3815,2019-08-30T12:46:35.747000Z
1.10393,1.1039700000000001,3559999.9428,4070000.1717,2019-08-30T12:46:35.848000Z
1.10394,1.1039700000000001,1000000.0,4449999.8093,2019-08-30T12:46:35.950000Z
1.10393,1.1039700000000001,2809999.9428,4219999.7902,2019-08-30T12:46:36.063000Z
1.10394,1.1039700000000001,1000000.0,4449999.8093,2019-08-30T12:46:37.393000Z
1.10393,1.10396,2440000.0572,1250000.0,2019-08-30T12:46:37.589000Z
1.10394,1.10396,1000000.0,1250000.0,2019-08-30T12:46:39.110000Z
1.10393,1.10396,2809999.9428,1250000.0,2019-08-30T12:46:39.536000Z
1.10394,1.10396,1000000.0,1389999.9857,2019-08-30T12:46:41.649000Z
1.10393,1.10396,2809999.9428,1389999.9857,2019-08-30T12:46:41.901000Z
1.10394,1.1039700000000001,1120000.0048,3819999.9332,2019-08-30T12:46:42.712000Z
1.10393,1.1039700000000001,4500000.0,5869999.8856,2019-08-30T12:46:42.864000Z
1.10394,1.1039700000000001,1000000.0,5949999.8093,2019-08-30T12:46:43.016000Z
1.10393,1.10396,4119999.8856,1690000.0572,2019-08-30T12:46:43.774000Z
1.10393,1.10396,1000000.0,4039999.9619,2019-08-30T12:46:43.926000Z
1.1039200000000002,1.10396,2059999.9428,3259999.9905,2019-08-30T12:46:44.027000Z
1.1039200000000002,1.10396,2059999.9428,3289999.9619,2019-08-30T12:46:44.253000Z
1.1039200000000002,1.10394,2059999.9428,1000000.0,2019-08-30T12:46:45.013000Z
1.1039200000000002,1.10395,2059999.9428,1000000.0,2019-08-30T12:46:45.312000Z
1.10393,1.10395,1000000.0,1570000.0525,2019-08-30T12:46:45.463000Z
1.1039200000000002,1.10395,2059999.9428,1100000.0238,2019-08-30T12:46:45.686000Z
1.1039200000000002,1.10394,2059999.9428,1000000.0,2019-08-30T12:46:46.819000Z
1.10393,1.10394,1500000.0,1000000.0,2019-08-30T12:46:46.943000Z
1.1039200000000002,1.10394,2809999.9428,1000000.0,2019-08-30T12:46:47.150000Z
1.10393,1.10394,1000000.0,1000000.0,2019-08-30T12:46:48.010000Z
1.1039200000000002,1.10394,1309999.9428,1000000.0,2019-08-30T12:46:48.343000Z
1.1039200000000002,1.10395,2440000.0572,1120000.0048,2019-08-30T12:46:50.770000Z
1.10393,1.10395,1000000.0,1120000.0048,2019-08-30T12:46:50.922000Z
1.1039200000000002,1.10395,2440000.0572,1120000.0048,2019-08-30T12:46:51.460000Z
1.10393,1.10395,1000000.0,1000000.0,2019-08-30T12:46:57.052000Z
1.1039200000000002,1.10395,2119999.8856,2940000.0572,2019-08-30T12:46:58.353000Z
1.1039200000000002,1.10395,1250000.0,2140000.1049,2019-08-30T12:47:00.444000Z
1.1039200000000002,1.10395,1690000.0572,1200000.0477,2019-08-30T12:47:01.364000Z
1.1039200000000002,1.10395,1250000.0,1200000.0477,2019-08-30T12:47:01.580000Z
1.1039200000000002,1.10394,1750000.0,1000000.0,2019-08-30T12:47:01.838000Z
1.1039200000000002,1.10395,1250000.0,2509999.9905,2019-08-30T12:47:01.939000Z
1.1039200000000002,1.10394,1750000.0,1000000.0,2019-08-30T12:47:02.040000Z
1.1039200000000002,1.10395,1250000.0,2509999.9905,2019-08-30T12:47:02.160000Z
1.1039200000000002,1.10394,1750000.0,1000000.0,2019-08-30T12:47:02.999000Z
1.1039200000000002,1.10395,1250000.0,3259999.9905,2019-08-30T12:47:03.194000Z
1.1039200000000002,1.10395,2500000.0,2539999.9619,2019-08-30T12:47:03.803000Z
1.1039100000000002,1.10395,3250000.0,2140000.1049,2019-08-30T12:47:07.311000Z
1.1039100000000002,1.10394,5500000.0,1000000.0,2019-08-30T12:47:09.910000Z
1.1039100000000002,1.10395,4000000.0,1389999.9857,2019-08-30T12:47:10.112000Z
1.1039200000000002,1.10395,3000000.0,1600000.0238,2019-08-30T12:47:16.433000Z
1.1039200000000002,1.10395,3750000.0,1570000.0525,2019-08-30T12:47:16.534000Z
1.1039200000000002,1.10394,1750000.0,1000000.0,2019-08-30T12:47:17.227000Z
1.1039200000000002,1.10395,1370000.0048,1100000.0238,2019-08-30T12:47:18.160000Z
1.1039200000000002,1.10395,2869999.8856,2099999.9046,2019-08-30T12:47:18.656000Z
1.1039200000000002,1.10394,2059999.9428,1100000.0238,2019-08-30T12:47:21.399000Z
1.1039200000000002,1.10395,2809999.9428,2250000.0,2019-08-30T12:47:27.374000Z
1.10394,1.1039700000000001,1000000.0,4760000.2289,2019-08-30T12:47:27.454000Z
1.10396,1.10398,1000000.0,1000000.0,2019-08-30T12:47:27.555000Z
1.10394,1.10398,7869999.8856,1000000.0,2019-08-30T12:47:27.850000Z
1.10395,1.10398,2119999.8856,1000000.0,2019-08-30T12:47:27.952000Z
1.10394,1.1039700000000001,9750000.0,1000000.0,2019-08-30T12:47:28.999000Z
1.10395,1.10396,1000000.0,1000000.0,2019-08-30T12:47:29.100000Z
1.10393,1.1039700000000001,1750000.0,3200000.0477,2019-08-30T12:47:29.252000Z
1.10393,1.10395,1000000.0,1000000.0,2019-08-30T12:47:29.770000Z
1.1039200000000002,1.10395,1690000.0572,3220000.0286,2019-08-30T12:47:29.871000Z
1.10393,1.10395,1000000.0,1120000.0048,2019-08-30T12:47:30.391000Z
1.1039100000000002,1.10395,4369999.8856,1870000.0048,2019-08-30T12:47:30.593000Z
1.10393,1.10395,1000000.0,1720000.0286,2019-08-30T12:47:30.694000Z
1.1039200000000002,1.10395,1809999.9428,3369999.8856,2019-08-30T12:47:31.307000Z
1.1039200000000002,1.10395,1309999.9428,2319999.9332,2019-08-30T12:47:31.863000Z
1.1039200000000002,1.10395,2809999.9428,2849999.9046,2019-08-30T12:47:32.513000Z
1.1039200000000002,1.10395,1309999.9428,1950000.0477,2019-08-30T12:47:32.834000Z
1.1039200000000002,1.10395,1309999.9428,1970000.0286,2019-08-30T12:47:32.942000Z
1.1039200000000002,1.10395,1309999.9428,1500000.0,2019-08-30T12:47:33.043000Z
1.1039100000000002,1.10395,4809999.9428,3390000.1049,2019-08-30T12:47:33.881000Z
1.10394,1.10396,1500000.0,1600000.0238,2019-08-30T12:47:36.694000Z
1.10394,1.10398,1250000.0,3759999.9905,2019-08-30T12:47:36.745000Z
1.10393,1.10396,2869999.8856,1000000.0,2019-08-30T12:47:37.020000Z
1.10394,1.1039700000000001,1250000.0,3000000.0,2019-08-30T12:47:37.180000Z
1.10394,1.10396,1250000.0,1000000.0,2019-08-30T12:47:38.389000Z
1.10394,1.1039700000000001,1000000.0,5139999.8665,2019-08-30T12:47:39.028000Z
1.10396,1.10398,1000000.0,1200000.0477,2019-08-30T12:47:41.365000Z
1.10394,1.10398,2500000.0,2700000.0477,2019-08-30T12:47:41.481000Z
1.10394,1.1039700000000001,1250000.0,1350000.0238,2019-08-30T12:47:41.582000Z
1.10394,1.10398,1250000.0,6409999.8474,2019-08-30T12:47:42.404000Z
1.10393,1.10396,1250000.0,1000000.0,2019-08-30T12:47:42.638000Z
1.1039200000000002,1.10395,5119999.8856,1000000.0,2019-08-30T12:47:43.803000Z
1.1039200000000002,1.10395,2059999.9428,1000000.0,2019-08-30T12:47:43.993000Z
1.1039200000000002,1.10394,1309999.9428,1000000.0,2019-08-30T12:47:45.925000Z
1.1039100000000002,1.1039200000000002,1500000.0,1000000.0,2019-08-30T12:47:47.995000Z
1.1039,1.1039200000000002,1000000.0,1690000.0572,2019-08-30T12:47:48.097000Z
1.10389,1.1039100000000002,1000000.0,1870000.0048,2019-08-30T12:47:48.226000Z
1.10388,1.1039100000000002,1809999.9428,1120000.0048,2019-08-30T12:47:48.328000Z
1.1038700000000001,1.1039200000000002,3750000.0,3259999.9905,2019-08-30T12:47:49.162000Z
1.10389,1.1039200000000002,1000000.0,4760000.2289,2019-08-30T12:47:51.938000Z
1.10389,1.1039200000000002,1000000.0,4139999.8665,2019-08-30T12:47:52.365000Z
1.10388,1.1039200000000002,1690000.0572,2640000.1049,2019-08-30T12:47:52.830000Z
1.10389,1.1039200000000002,1000000.0,4889999.8665,2019-08-30T12:47:53.262000Z
1.10388,1.1039200000000002,1690000.0572,3390000.1049,2019-08-30T12:47:53.364000Z
1.10389,1.1039200000000002,1000000.0,4889999.8665,2019-08-30T12:47:53.812000Z
1.10388,1.1039200000000002,1309999.9428,3390000.1049,2019-08-30T12:47:53.913000Z
1.10388,1.1039200000000002,1309999.9428,3259999.9905,2019-08-30T12:47:54.435000Z
1.10388,1.1039200000000002,1309999.9428,3390000.1049,2019-08-30T12:47:56.065000Z
1.1038700000000001,1.1039200000000002,4500000.0,5719999.7902,2019-08-30T12:47:56.492000Z
1.1038700000000001,1.1039,1250000.0,2319999.9332,2019-08-30T12:47:56.638000Z
1.1038700000000001,1.1039100000000002,1309999.9428,2890000.1049,2019-08-30T12:47:56.740000Z
1.1038700000000001,1.1039100000000002,2119999.8856,1820000.0525,2019-08-30T12:47:57.392000Z
1.1038700000000001,1.1039100000000002,1120000.0048,1250000.0,2019-08-30T12:48:03.494000Z
1.10388,1.1039100000000002,1000000.0,1820000.0525,2019-08-30T12:48:03.782000Z
1.1038700000000001,1.1039100000000002,1120000.0048,1250000.0,2019-08-30T12:48:03.884000Z
1.10388,1.1039100000000002,1000000.0,1250000.0,2019-08-30T12:48:04.338000Z
1.10388,1.1039200000000002,2809999.9428,6760000.2289,2019-08-30T12:48:07.453000Z
1.10388,1.1039200000000002,5440000.0572,3559999.9428,2019-08-30T12:48:07.584000Z
1.10389,1.10393,1500000.0,8699999.8093,2019-08-30T12:48:07.685000Z
1.1039,1.10393,1250000.0,1570000.0525,2019-08-30T12:48:07.787000Z
1.1039,1.10394,3250000.0,2319999.9332,2019-08-30T12:48:08.322000Z
1.1039100000000002,1.10393,1000000.0,1309999.9428,2019-08-30T12:48:08.467000Z
1.10389,1.10393,1120000.0048,3450000.0477,2019-08-30T12:48:08.518000Z
1.10389,1.10393,1250000.0,1759999.9905,2019-08-30T12:48:09.573000Z
1.10389,1.1039200000000002,1000000.0,1350000.0238,2019-08-30T12:48:10.041000Z
1.10389,1.10393,1000000.0,5699999.8093,2019-08-30T12:48:12.587000Z
1.10389,1.1039200000000002,1120000.0048,2640000.1049,2019-08-30T12:48:13.613000Z
1.10389,1.1039200000000002,1500000.0,4219999.7902,2019-08-30T12:48:19.330000Z
1.10389,1.1039200000000002,4119999.8856,1220000.0286,2019-08-30T12:48:19.940000Z
1.1039,1.1039200000000002,1120000.0048,1000000.0,2019-08-30T12:48:20.041000Z
1.1039,1.10394,1690000.0572,2259999.9905,2019-08-30T12:48:22.826000Z
1.1039,1.10394,1750000.0,2099999.9046,2019-08-30T12:48:23.312000Z
1.1039,1.10394,7750000.0,2849999.9046,2019-08-30T12:48:23.514000Z
1.10389,1.10393,3250000.0,2250000.0,2019-08-30T12:48:24.871000Z
1.10389,1.1039200000000002,1250000.0,1100000.0238,2019-08-30T12:48:24.972000Z
1.10389,1.1039200000000002,1690000.0572,1100000.0238,2019-08-30T12:48:25.074000Z
1.10389,1.10393,1690000.0572,2289999.9619,2019-08-30T12:48:27.623000Z
1.1039,1.10393,1000000.0,3039999.9619,2019-08-30T12:48:29.486000Z
1.10389,1.1039200000000002,1690000.0572,1100000.0238,2019-08-30T12:48:30.016000Z
1.1039,1.1039200000000002,1000000.0,1600000.0238,2019-08-30T12:48:36.794000Z
1.10389,1.1039200000000002,2809999.9428,1600000.0238,2019-08-30T12:48:37.097000Z
1.10389,1.1039200000000002,2250000.0,2509999.9905,2019-08-30T12:48:40.301000Z
1.10389,1.1039200000000002,1500000.0,2599999.9046,2019-08-30T12:48:40.403000Z
1.1039,1.10393,1309999.9428,1100000.0238,2019-08-30T12:48:43.832000Z
1.1039,1.10394,6309999.9428,2259999.9905,2019-08-30T12:48:43.933000Z
1.1039,1.10394,2559999.9428,2140000.1049,2019-08-30T12:48:43.984000Z
1.1039100000000002,1.10394,2440000.0572,1100000.0238,2019-08-30T12:48:45.022000Z
1.1039100000000002,1.10395,2440000.0572,3759999.9905,2019-08-30T12:48:45.270000Z
1.1039100000000002,1.10394,2440000.0572,1100000.0238,2019-08-30T12:48:45.371000Z
1.1039100000000002,1.10394,3190000.0572,1100000.0238,2019-08-30T12:48:45.473000Z
1.1039200000000002,1.10395,1000000.0,5260000.2289,2019-08-30T12:48:46.450000Z
1.1039100000000002,1.10394,1000000.0,1350000.0238,2019-08-30T12:48:46.625000Z
1.1039200000000002,1.10394,1000000.0,2259999.9905,2019-08-30T12:48:52.311000Z
1.1039100000000002,1.10395,4309999.9428,2259999.9905,2019-08-30T12:48:52.413000Z
1.1039100000000002,1.10395,3190000.0572,2509999.9905,2019-08-30T12:48:52.565000Z
1.1039100000000002,1.10395,3250000.0,1100000.0238,2019-08-30T12:48:53.081000Z
1.1039100000000002,1.10395,3940000.0572,1009999.9905,2019-08-30T12:48:54.490000Z
1.1039100000000002,1.10395,5500000.0,1100000.0238,2019-08-30T12:48:54.747000Z
1.1039100000000002,1.10395,5440000.0572,1009999.9905,2019-08-30T12:48:54.887000Z
1.1039200000000002,1.10396,1000000.0,3470000.0286,2019-08-30T12:48:55.596000Z
1.1039100000000002,1.10395,4309999.9428,1389999.9857,2019-08-30T12:48:59.441000Z
1.1039200000000002,1.10395,1000000.0,1250000.0,2019-08-30T12:48:59.865000Z
1.1039100000000002,1.10395,4309999.9428,1250000.0,2019-08-30T12:48:59.972000Z
1.1039100000000002,1.10395,4750000.0,1000000.0,2019-08-30T12:49:00.834000Z
1.1039100000000002,1.10395,5500000.0,1600000.0238,2019-08-30T12:49:00.935000Z
1.1039100000000002,1.10395,3190000.0572,1350000.0238,2019-08-30T12:49:01.065000Z
1.1039200000000002,1.10395,1000000.0,1909999.9666,2019-08-30T12:49:01.167000Z
1.1039100000000002,1.10395,3190000.0572,1350000.0238,2019-08-30T12:49:01.268000Z
1.1039200000000002,1.10395,1500000.0,1350000.0238,2019-08-30T12:49:01.693000Z
1.1039200000000002,1.10396,1250000.0,4889999.8665,2019-08-30T12:49:01.794000Z
1.1039200000000002,1.10396,1690000.0572,4760000.2289,2019-08-30T12:49:04.480000Z
1.1039100000000002,1.10396,4000000.0,3410000.0858,2019-08-30T12:49:06.091000Z
1.1039100000000002,1.10396,4000000.0,3259999.9905,2019-08-30T12:49:06.192000Z
1.1039100000000002,1.10396,5250000.0,3390000.1049,2019-08-30T12:49:07.008000Z
1.1039200000000002,1.10395,1309999.9428,1100000.0238,2019-08-30T12:49:08.020000Z
1.10393,1.10396,1000000.0,3759999.9905,2019-08-30T12:49:12.703000Z
1.10393,1.10396,1000000.0,3259999.9905,2019-08-30T12:49:13.155000Z
1.1039100000000002,1.10396,6369999.8856,3259999.9905,2019-08-30T12:49:13.257000Z
1.1039200000000002,1.10395,2809999.9428,1000000.0,2019-08-30T12:49:15.985000Z
1.1039100000000002,1.10395,3190000.0572,2289999.9619,2019-08-30T12:49:16.104000Z
1.1039,1.1039200000000002,1870000.0048,1600000.0238,2019-08-30T12:49:16.156000Z
1.1039,1.1039200000000002,1000000.0,4969999.7902,2019-08-30T12:49:16.258000Z
1.1039,1.1039200000000002,1620000.0048,3450000.0477,2019-08-30T12:49:16.410000Z
1.10389,1.10393,2940000.0572,4309999.9428,2019-08-30T12:49:16.511000Z
1.1039100000000002,1.10394,1250000.0,4159999.8474,2019-08-30T12:49:16.663000Z
1.1039,1.10394,4119999.8856,1009999.9905,2019-08-30T12:49:16.764000Z
1.1039100000000002,1.10395,1250000.0,1309999.9428,2019-08-30T12:49:17.118000Z
1.1039100000000002,1.10395,1000000.0,2319999.9332,2019-08-30T12:49:20.471000Z
1.1039,1.10395,6000000.0,2509999.9905,2019-08-30T12:49:20.572000Z
1.1039,1.10395,4750000.0,2319999.9332,2019-08-30T12:49:20.731000Z
1.1039,1.10395,9750000.0,2450000.0477,2019-08-30T12:49:27.011000Z
1.1039,1.10395,9750000.0,2319999.9332,2019-08-30T12:49:27.501000Z
1.1039100000000002,1.10395,2059999.9428,4760000.2289,2019-08-30T12:49:27.755000Z
1.1039100000000002,1.10393,1000000.0,1500000.0,2019-08-30T12:49:28.712000Z
1.1039,1.10393,1690000.0572,4119999.8856,2019-08-30T12:49:28.763000Z
1.1039,1.10393,1250000.0,3319999.9332,2019-08-30T12:49:28.915000Z
1.10389,1.10393,1690000.0572,3069999.9332,2019-08-30T12:49:32.449000Z
1.1039200000000002,1.10394,3440000.0572,3450000.0477,2019-08-30T12:49:32.600000Z
1.10396,1.1039700000000001,1120000.0048,3190000.0572,2019-08-30T12:49:32.651000Z
1.10399,1.104,1000000.0,1309999.9428,2019-08-30T12:49:32.702000Z
1.104,1.10403,1500000.0,1850000.0238,2019-08-30T12:49:32.753000Z
1.104,1.1040200000000002,4690000.0572,1000000.0,2019-08-30T12:49:32.855000Z
1.10398,1.10403,7000000.0,3789999.9619,2019-08-30T12:49:32.956000Z
1.10398,1.10403,4750000.0,3700000.0477,2019-08-30T12:49:33.058000Z
1.10398,1.1040200000000002,5619999.8856,2950000.0477,2019-08-30T12:49:34.217000Z
1.10399,1.1040100000000002,1370000.0048,1100000.0238,2019-08-30T12:49:34.494000Z
1.10398,1.1040100000000002,2559999.9428,1100000.0238,2019-08-30T12:49:34.792000Z
1.10399,1.1040200000000002,1370000.0048,3759999.9905,2019-08-30T12:49:35.156000Z
1.10399,1.1040200000000002,1870000.0048,1309999.9428,2019-08-30T12:49:35.346000Z
1.104,1.10404,3619999.8856,2450000.0477,2019-08-30T12:49:35.473000Z
1.1040100000000002,1.1040200000000002,1000000.0,1000000.0,2019-08-30T12:49:35.759000Z
1.10399,1.1040200000000002,2190000.0572,1000000.0,2019-08-30T12:49:35.861000Z
1.10399,1.1040200000000002,1309999.9428,1200000.0477,2019-08-30T12:49:36.917000Z
1.10399,1.10403,1309999.9428,2509999.9905,2019-08-30T12:49:40.037000Z
1.10399,1.10403,2869999.8856,2319999.9332,2019-08-30T12:49:40.334000Z
1.104,1.10404,3690000.0572,2140000.1049,2019-08-30T12:49:40.487000Z
1.104,1.10403,6309999.9428,1500000.0,2019-08-30T12:49:40.689000Z
1.104,1.10404,1309999.9428,4159999.8474,2019-08-30T12:49:40.791000Z
1.10406,1.10409,1500000.0,1600000.0238,2019-08-30T12:49:44.058000Z
1.10409,1.1041,1000000.0,1690000.0572,2019-08-30T12:49:44.160000Z
1.10408,1.1041200000000002,1250000.0,2890000.1049,2019-08-30T12:49:44.211000Z
1.10408,1.1041100000000001,1690000.0572,1200000.0477,2019-08-30T12:49:44.313000Z
1.10408,1.1041100000000001,1370000.0048,1690000.0572,2019-08-30T12:49:44.415000Z
1.10407,1.1041100000000001,2059999.9428,2660000.0858,2019-08-30T12:49:44.516000Z
1.10404,1.10408,1750000.0,2569999.9332,2019-08-30T12:49:44.717000Z
1.10403,1.10408,1690000.0572,4219999.7902,2019-08-30T12:49:44.819000Z
1.1040200000000002,1.10406,1750000.0,3000000.0,2019-08-30T12:49:44.971000Z
1.1040100000000002,1.10406,2559999.9428,3700000.0477,2019-08-30T12:49:45.072000Z
1.1040100000000002,1.10405,5440000.0572,1009999.9905,2019-08-30T12:49:47.091000Z
1.1040200000000002,1.10405,1000000.0,1759999.9905,2019-08-30T12:49:47.351000Z
1.1040100000000002,1.10405,5440000.0572,1009999.9905,2019-08-30T12:49:47.494000Z
1.10406,1.10407,1500000.0,2319999.9332,2019-08-30T12:49:48.549000Z
1.10408,1.10409,4500000.0,1950000.0477,2019-08-30T12:49:48.698000Z
1.10407,1.1041100000000001,3750000.0,3640000.1049,2019-08-30T12:49:48.754000Z
1.10407,1.1041100000000001,1000000.0,4199999.8093,2019-08-30T12:49:48.856000Z
1.10407,1.10408,1000000.0,1200000.0477,2019-08-30T12:49:48.906000Z
1.10405,1.10409,2809999.9428,2849999.9046,2019-08-30T12:49:49.008000Z
1.10405,1.1041,1370000.0048,2099999.9046,2019-08-30T12:49:49.674000Z
1.10407,1.1041,1500000.0,1200000.0477,2019-08-30T12:49:49.725000Z
1.10408,1.1041100000000001,1250000.0,1250000.0,2019-08-30T12:49:49.841000Z
1.1041,1.1041100000000001,1000000.0,1000000.0,2019-08-30T12:49:50.043000Z
1.10409,1.1041100000000001,1250000.0,1000000.0,2019-08-30T12:49:50.324000Z
1.10409,1.10413,2059999.9428,4389999.8665,2019-08-30T12:49:52.981000Z
1.10409,1.10413,4309999.9428,5949999.8093,2019-08-30T12:49:53.125000Z
1.1041,1.10413,1000000.0,4000000.0,2019-08-30T12:49:56.122000Z
1.1041,1.10413,2809999.9428,1500000.0,2019-08-30T12:49:56.173000Z
1.1041100000000001,1.1041400000000001,2000000.0,1759999.9905,2019-08-30T12:49:56.224000Z
1.1041,1.1041400000000001,1809999.9428,2509999.9905,2019-08-30T12:49:56.325000Z
1.1041,1.10413,1250000.0,1000000.0,2019-08-30T12:49:56.435000Z
1.1041100000000001,1.10415,1750000.0,1000000.0,2019-08-30T12:49:56.638000Z
1.1041200000000002,1.1041400000000001,1000000.0,3829999.9237,2019-08-30T12:49:57.231000Z
1.1041,1.10413,1120000.0048,1309999.9428,2019-08-30T12:49:57.363000Z
1.1041,1.10413,1000000.0,2640000.1049,2019-08-30T12:49:58.352000Z
1.10409,1.10413,1809999.9428,3259999.9905,2019-08-30T12:49:59.687000Z
1.10409,1.10413,1620000.0048,3319999.9332,2019-08-30T12:50:00.052000Z
1.10409,1.10413,1620000.0048,3470000.0286,2019-08-30T12:50:00.191000Z
1.10409,1.10413,1620000.0048,2569999.9332,2019-08-30T12:50:00.692000Z
1.10409,1.10413,1870000.0048,1350000.0238,2019-08-30T12:50:09.248000Z
1.10409,1.10413,1500000.0,2319999.9332,2019-08-30T12:50:10.771000Z
1.10409,1.10413,1000000.0,1950000.0477,2019-08-30T12:50:11.830000Z
1.1041,1.10413,1000000.0,2720000.0286,2019-08-30T12:50:12.326000Z
1.1041,1.10413,2750000.0,1009999.9905,2019-08-30T12:50:12.653000Z
1.1041100000000001,1.1041400000000001,1309999.9428,1120000.0048,2019-08-30T12:50:12.755000Z
1.1041100000000001,1.10415,1370000.0048,1100000.0238,2019-08-30T12:50:12.856000Z
1.1041100000000001,1.10415,1309999.9428,1350000.0238,2019-08-30T12:50:12.957000Z
1.1041100000000001,1.10415,2869999.8856,1889999.9857,2019-08-30T12:50:13.008000Z
1.1041100000000001,1.10415,2809999.9428,1889999.9857,2019-08-30T12:50:13.161000Z
1.1041200000000002,1.10415,1250000.0,1759999.9905,2019-08-30T12:50:13.212000Z
1.1041100000000001,1.10415,1309999.9428,1009999.9905,2019-08-30T12:50:13.447000Z
1.1041100000000001,1.10416,5869999.8856,6409999.8474,2019-08-30T12:50:13.548000Z
1.10413,1.10415,1870000.0048,1100000.0238,2019-08-30T12:50:13.926000Z
1.1041400000000001,1.10418,1870000.0048,7570000.1717,2019-08-30T12:50:14.028000Z
1.10415,1.10418,3119999.8856,4199999.8093,2019-08-30T12:50:14.079000Z
1.10416,1.10418,5809999.9428,2140000.1049,2019-08-30T12:50:14.129000Z
1.10416,1.10417,1250000.0,1000000.0,2019-08-30T12:50:14.231000Z
1.10415,1.10418,3190000.0572,2829999.9237,2019-08-30T12:50:14.373000Z
1.1041400000000001,1.10418,1750000.0,3039999.9619,2019-08-30T12:50:14.474000Z
1.10413,1.10418,3559999.9428,5730000.0191,2019-08-30T12:50:14.626000Z
1.1041400000000001,1.10416,1000000.0,1000000.0,2019-08-30T12:50:14.779000Z
1.10413,1.10416,2809999.9428,1000000.0,2019-08-30T12:50:14.880000Z
1.1041400000000001,1.10416,1000000.0,1100000.0238,2019-08-30T12:50:15.131000Z
1.10413,1.10416,2809999.9428,1100000.0238,2019-08-30T12:50:15.253000Z
1.1041400000000001,1.10416,1000000.0,1000000.0,2019-08-30T12:50:15.840000Z
1.10413,1.10416,3190000.0572,1000000.0,2019-08-30T12:50:15.941000Z
1.1041400000000001,1.10417,1250000.0,1100000.0238,2019-08-30T12:50:16.093000Z
1.1041400000000001,1.10417,1250000.0,1120000.0048,2019-08-30T12:50:16.195000Z
1.1041400000000001,1.10418,3559999.9428,4760000.2289,2019-08-30T12:50:17.532000Z
1.10415,1.10418,1750000.0,1389999.9857,2019-08-30T12:50:17.634000Z
1.10415,1.10419,2440000.0572,2660000.0858,2019-08-30T12:50:17.763000Z
1.1041400000000001,1.10418,5860000.1335,1509999.9905,2019-08-30T12:50:18.432000Z
1.1041400000000001,1.10418,2809999.9428,4539999.9619,2019-08-30T12:50:18.533000Z
1.1041400000000001,1.10417,2119999.8856,3259999.9905,2019-08-30T12:50:19.198000Z
1.1041400000000001,1.10417,1309999.9428,1350000.0238,2019-08-30T12:50:19.788000Z
1.1041400000000001,1.10416,1370000.0048,1200000.0477,2019-08-30T12:50:20.452000Z
1.10413,1.10416,1120000.0048,2119999.8856,2019-08-30T12:50:21.023000Z
1.1041200000000002,1.10416,3750000.0,2569999.9332,2019-08-30T12:50:21.175000Z
1.10413,1.10416,1250000.0,1750000.0,2019-08-30T12:50:36.944000Z
1.10413,1.10416,1309999.9428,1250000.0,2019-08-30T12:50:38.230000Z
1.1041400000000001,1.10416,1000000.0,1250000.0,2019-08-30T12:50:38.440000Z
1.10413,1.10416,1309999.9428,1250000.0,2019-08-30T12:50:38.711000Z
1.1041400000000001,1.10416,1000000.0,1250000.0,2019-08-30T12:50:38.850000Z
1.10416,1.10418,1000000.0,3369999.8856,2019-08-30T12:50:38.952000Z
1.1041400000000001,1.10417,3640000.1049,1500000.0,2019-08-30T12:50:39.053000Z
1.10415,1.10418,1309999.9428,4119999.8856,2019-08-30T12:50:39.155000Z
1.10415,1.10417,1000000.0,1000000.0,2019-08-30T12:50:39.357000Z
1.10415,1.10418,1870000.0048,2809999.9428,2019-08-30T12:50:39.684000Z
1.10415,1.10417,1000000.0,1500000.0,2019-08-30T12:50:39.886000Z
1.10415,1.10418,4000000.0,3500000.0,2019-08-30T12:50:45.522000Z
1.10417,1.1042,1250000.0,1950000.0477,2019-08-30T12:50:45.623000Z
1.10417,1.1042,1000000.0,1250000.0,2019-08-30T12:50:45.725000Z
1.10416,1.10418,1870000.0048,2119999.8856,2019-08-30T12:50:46.143000Z
1.1041400000000001,1.10418,1009999.9905,4130000.1144,2019-08-30T12:50:46.194000Z
1.1041400000000001,1.10418,1009999.9905,4699999.8093,2019-08-30T12:50:47.242000Z
1.1041400000000001,1.10416,1100000.0238,1000000.0,2019-08-30T12:50:48.043000Z
1.1041400000000001,1.10417,1100000.0238,4119999.8856,2019-08-30T12:50:49.719000Z
1.1041400000000001,1.10416,1000000.0,1250000.0,2019-08-30T12:50:52.773000Z
1.1041400000000001,1.10416,1000000.0,2190000.0572,2019-08-30T12:50:52.874000Z
1.10413,1.10416,2809999.9428,1500000.0,2019-08-30T12:50:52.976000Z
1.1041200000000002,1.10413,2140000.1049,1000000.0,2019-08-30T12:50:53.077000Z
1.1041100000000001,1.1041400000000001,2559999.9428,1870000.0048,2019-08-30T12:50:53.195000Z
1.1041,1.10413,2319999.9332,1309999.9428,2019-08-30T12:50:53.296000Z
1.1041,1.10415,6820000.1717,4369999.8856,2019-08-30T12:50:53.398000Z
1.1041200000000002,1.10415,1009999.9905,1870000.0048,2019-08-30T12:50:53.499000Z
1.10413,1.10415,1000000.0,2250000.0,2019-08-30T12:50:53.600000Z
1.1041200000000002,1.10415,2059999.9428,1500000.0,2019-08-30T12:50:53.702000Z
1.1041200000000002,1.10415,2259999.9905,1120000.0048,2019-08-30T12:50:56.578000Z
1.1041200000000002,1.10415,1000000.0,1309999.9428,2019-08-30T12:51:00.066000Z
1.1041200000000002,1.10415,1009999.9905,1370000.0048,2019-08-30T12:51:04.372000Z
1.1041200000000002,1.10415,2569999.9332,2059999.9428,2019-08-30T12:51:04.481000Z
1.1041200000000002,1.1041400000000001,2869999.8856,1500000.0,2019-08-30T12:51:10.653000Z
1.1041100000000001,1.1041400000000001,1309999.9428,3750000.0,2019-08-30T12:51:10.705000Z
1.1041,1.1041200000000002,1750000.0,1000000.0,2019-08-30T12:51:10.806000Z
1.10409,1.1041200000000002,1809999.9428,1950000.0477,2019-08-30T12:51:10.954000Z
1.10409,1.1041100000000001,2559999.9428,1000000.0,2019-08-30T12:51:12.460000Z
1.10409,1.1041200000000002,1809999.9428,1870000.0048,2019-08-30T12:51:12.868000Z
1.10409,1.1041200000000002,1000000.0,4440000.0572,2019-08-30T12:51:13.441000Z
1.10408,1.1041100000000001,4119999.8856,2059999.9428,2019-08-30T12:51:13.492000Z
1.10408,1.10409,1120000.0048,1000000.0,2019-08-30T12:51:13.543000Z
1.10406,1.10409,5340000.1526,1500000.0,2019-08-30T12:51:13.645000Z
1.10405,1.10408,5139999.8665,1000000.0,2019-08-30T12:51:13.746000Z
1.10403,1.10407,2509999.9905,1250000.0,2019-08-30T12:51:13.886000Z
1.10405,1.10407,1500000.0,1000000.0,2019-08-30T12:51:14.683000Z
1.10403,1.10407,7570000.1717,1000000.0,2019-08-30T12:51:14.785000Z
1.10403,1.10406,2569999.9332,1000000.0,2019-08-30T12:51:16.135000Z
1.10403,1.10407,2500000.0,1500000.0,2019-08-30T12:51:16.699000Z
1.10403,1.10406,4000000.0,1000000.0,2019-08-30T12:51:18.538000Z
1.10403,1.10407,2500000.0,3000000.0,2019-08-30T12:51:18.639000Z
1.10403,1.10407,2440000.0572,3190000.0572,2019-08-30T12:51:19.092000Z
1.10403,1.10406,3190000.0572,1000000.0,2019-08-30T12:51:20.146000Z
1.10403,1.10407,2440000.0572,2440000.0572,2019-08-30T12:51:20.298000Z
1.10403,1.10407,2569999.9332,1000000.0,2019-08-30T12:51:20.872000Z
1.10404,1.10406,1250000.0,1000000.0,2019-08-30T12:51:21.532000Z
1.10403,1.10407,2500000.0,1500000.0,2019-08-30T12:51:21.633000Z
1.10403,1.10406,3750000.0,1000000.0,2019-08-30T12:51:23.940000Z
1.10403,1.10407,2190000.0572,3559999.9428,2019-08-30T12:51:24.041000Z
1.10403,1.10407,1690000.0572,3190000.0572,2019-08-30T12:51:24.264000Z
1.10403,1.10406,2440000.0572,1500000.0,2019-08-30T12:51:26.812000Z
1.10403,1.10407,2140000.1049,2509999.9905,2019-08-30T12:51:27.819000Z
1.10403,1.10406,2509999.9905,1000000.0,2019-08-30T12:51:30.370000Z
1.10403,1.10407,1759999.9905,3559999.9428,2019-08-30T12:51:30.471000Z
1.10403,1.10406,2509999.9905,1500000.0,2019-08-30T12:51:31.071000Z
1.10405,1.10408,3559999.9428,1950000.0477,2019-08-30T12:51:34.786000Z
1.10406,1.10409,2940000.0572,1000000.0,2019-08-30T12:51:34.910000Z
1.10406,1.1041,2190000.0572,3190000.0572,2019-08-30T12:51:35.011000Z
1.10406,1.10409,2190000.0572,1100000.0238,2019-08-30T12:51:35.163000Z
1.10406,1.10407,1000000.0,1000000.0,2019-08-30T12:51:35.269000Z
1.10405,1.10408,1620000.0048,2059999.9428,2019-08-30T12:51:35.370000Z
1.10405,1.10407,2000000.0,1000000.0,2019-08-30T12:51:35.573000Z
1.10405,1.10408,2000000.0,3940000.0572,2019-08-30T12:51:35.674000Z
1.10405,1.10409,2190000.0572,4309999.9428,2019-08-30T12:51:36.662000Z
1.10405,1.10408,6000000.0,2440000.0572,2019-08-30T12:51:36.764000Z
1.10405,1.10409,2190000.0572,3190000.0572,2019-08-30T12:51:36.916000Z
1.10405,1.10408,2940000.0572,1000000.0,2019-08-30T12:51:37.018000Z
1.10405,1.10409,2940000.0572,1690000.0572,2019-08-30T12:51:37.171000Z
1.10405,1.10408,2259999.9905,1000000.0,2019-08-30T12:51:37.330000Z
1.10405,1.10409,2940000.0572,2440000.0572,2019-08-30T12:51:37.721000Z
1.10405,1.10408,5190000.0572,1500000.0,2019-08-30T12:51:37.822000Z
1.10405,1.10407,2000000.0,1000000.0,2019-08-30T12:51:38.058000Z
1.10405,1.10407,1500000.0,1000000.0,2019-08-30T12:51:38.160000Z
1.10405,1.10409,1500000.0,4449999.8093,2019-08-30T12:51:38.280000Z
1.10405,1.10409,1970000.0286,4369999.8856,2019-08-30T12:51:39.200000Z
1.10405,1.10407,1120000.0048,1000000.0,2019-08-30T12:51:40.064000Z
1.10405,1.10408,1200000.0477,4000000.0,2019-08-30T12:51:40.165000Z
1.10405,1.10408,2059999.9428,3750000.0,2019-08-30T12:51:41.054000Z
1.10405,1.10408,2569999.9332,2250000.0,2019-08-30T12:51:41.307000Z
1.10405,1.10408,1450000.0477,1000000.0,2019-08-30T12:51:41.408000Z
1.10405,1.10409,2569999.9332,4119999.8856,2019-08-30T12:51:41.510000Z
1.10405,1.10409,2509999.9905,4309999.9428,2019-08-30T12:51:41.723000Z
1.10406,1.10408,1250000.0,1000000.0,2019-08-30T12:51:41.929000Z
1.10406,1.10409,2200000.0477,2440000.0572,2019-08-30T12:51:42.375000Z
1.10408,1.1041,1600000.0238,1120000.0048,2019-08-30T12:51:42.477000Z
1.10409,1.1041200000000002,2099999.9046,2059999.9428,2019-08-30T12:51:42.578000Z
1.10409,1.1041100000000001,1600000.0238,1000000.0,2019-08-30T12:51:42.789000Z
1.10413,1.10415,1000000.0,2059999.9428,2019-08-30T12:51:43.329000Z
1.1041200000000002,1.1041400000000001,1200000.0477,1250000.0,2019-08-30T12:51:43.431000Z
1.1041200000000002,1.10415,2569999.9332,2059999.9428,2019-08-30T12:51:43.533000Z
1.1041200000000002,1.10415,1200000.0477,2059999.9428,2019-08-30T12:51:43.634000Z
1.1041200000000002,1.10415,2470000.0286,2059999.9428,2019-08-30T12:51:43.757000Z
1.1041200000000002,1.1041400000000001,2470000.0286,1000000.0,2019-08-30T12:51:44.026000Z
1.1041200000000002,1.10415,2470000.0286,1309999.9428,2019-08-30T12:51:44.232000Z
1.1041200000000002,1.10416,5599999.9046,3369999.8856,2019-08-30T12:51:47.795000Z
1.10413,1.10416,2509999.9905,3619999.8856,2019-08-30T12:51:48.678000Z
1.10413,1.10416,1570000.0525,3559999.9428,2019-08-30T12:51:48.877000Z
1.1041400000000001,1.10416,1000000.0,4119999.8856,2019-08-30T12:51:49.040000Z
1.10413,1.10416,1570000.0525,3559999.9428,2019-08-30T12:51:49.258000Z
1.10413,1.10416,1820000.0525,3559999.9428,2019-08-30T12:51:49.411000Z
1.10413,1.10416,1200000.0477,3559999.9428,2019-08-30T12:51:49.800000Z
1.10413,1.10416,2200000.0477,3559999.9428,2019-08-30T12:51:50Z
1.10413,1.10416,2259999.9905,3619999.8856,2019-08-30T12:51:50.332000Z
1.10413,1.10416,2259999.9905,3369999.8856,2019-08-30T12:51:50.484000Z
1.10415,1.10416,1870000.0048,1120000.0048,2019-08-30T12:51:51.142000Z
1.10416,1.10418,1009999.9905,1120000.0048,2019-08-30T12:51:51.244000Z
1.10417,1.10418,1000000.0,1870000.0048,2019-08-30T12:51:51.346000Z
1.10416,1.10418,2140000.1049,1120000.0048,2019-08-30T12:51:51.448000Z
1.10416,1.10418,1789999.9619,1309999.9428,2019-08-30T12:51:51.705000Z
1.10417,1.1042,4889999.8665,3000000.0,2019-08-30T12:51:51.807000Z
1.10418,1.1042200000000002,1120000.0048,8119999.8856,2019-08-30T12:51:51.908000Z
1.10419,1.1042100000000001,1000000.0,1250000.0,2019-08-30T12:51:52.009000Z
1.10418,1.1042200000000002,3039999.9619,3940000.0572,2019-08-30T12:51:52.121000Z
1.10419,1.1042200000000002,2099999.9046,2440000.0572,2019-08-30T12:51:52.222000Z
1.10419,1.1042200000000002,2640000.1049,1500000.0,2019-08-30T12:51:54.141000Z
1.1042,1.10423,2059999.9428,3000000.0,2019-08-30T12:51:54.762000Z
1.1042,1.10423,2069999.9332,1250000.0,2019-08-30T12:51:54.863000Z
1.10419,1.1042200000000002,1850000.0238,3000000.0,2019-08-30T12:51:54.964000Z
1.10419,1.1042200000000002,1100000.0238,2869999.8856,2019-08-30T12:51:55.015000Z
1.10418,1.1042200000000002,5070000.1717,1250000.0,2019-08-30T12:51:55.116000Z
1.10418,1.1042200000000002,4889999.8665,1250000.0,2019-08-30T12:51:55.218000Z
1.10419,1.10423,3220000.0286,7369999.8856,2019-08-30T12:51:55.386000Z
1.1042,1.1042200000000002,2119999.8856,1870000.0048,2019-08-30T12:51:56.195000Z
1.10423,1.10424,1570000.0525,1870000.0048,2019-08-30T12:51:56.297000Z
1.10423,1.10426,1200000.0477,1690000.0572,2019-08-30T12:51:56.440000Z
1.10423,1.10426,2099999.9046,1690000.0572,2019-08-30T12:51:56.646000Z
1.10423,1.10426,1100000.0238,1690000.0572,2019-08-30T12:51:56.747000Z
1.10424,1.10427,1000000.0,3619999.8856,2019-08-30T12:51:56.848000Z
1.10423,1.10427,1100000.0238,5619999.8856,2019-08-30T12:51:57.213000Z
1.10423,1.10427,1100000.0238,9369999.8856,2019-08-30T12:52:04.219000Z
1.1042200000000002,1.10427,4539999.9619,9000000.0,2019-08-30T12:52:06.371000Z
1.10424,1.10426,1000000.0,1250000.0,2019-08-30T12:52:10.386000Z
1.10423,1.10427,1950000.0477,3619999.8856,2019-08-30T12:52:10.911000Z
1.1042200000000002,1.10424,1600000.0238,1500000.0,2019-08-30T12:52:11.022000Z
1.1042100000000001,1.10424,2160000.0858,4869999.8856,2019-08-30T12:52:11.123000Z
1.1042,1.10423,2220000.0286,1309999.9428,2019-08-30T12:52:11.225000Z
1.1042,1.10423,1500000.0,1309999.9428,2019-08-30T12:52:11.326000Z
1.1042100000000001,1.10423,1000000.0,2059999.9428,2019-08-30T12:52:12.531000Z
1.1042,1.10423,1000000.0,1309999.9428,2019-08-30T12:52:12.632000Z
1.1042,1.10423,1120000.0048,1809999.9428,2019-08-30T12:52:13.143000Z
1.1042,1.10423,1000000.0,1309999.9428,2019-08-30T12:52:14.214000Z
1.1042,1.1042200000000002,1000000.0,1000000.0,2019-08-30T12:52:14.967000Z
1.1042,1.1042200000000002,1500000.0,1250000.0,2019-08-30T12:52:15.069000Z
1.10419,1.1042100000000001,1000000.0,1370000.0048,2019-08-30T12:52:17.131000Z
1.10418,1.1042,1570000.0525,1690000.0572,2019-08-30T12:52:17.182000Z
1.10417,1.10419,1120000.0048,1870000.0048,2019-08-30T12:52:17.284000Z
1.10417,1.10418,1870000.0048,1000000.0,2019-08-30T12:52:17.538000Z
1.10417,1.10419,1120000.0048,1870000.0048,2019-08-30T12:52:17.640000Z
1.10417,1.10418,1870000.0048,1000000.0,2019-08-30T12:52:17.804000Z
1.10417,1.10419,1120000.0048,1870000.0048,2019-08-30T12:52:17.947000Z
1.10417,1.10418,1870000.0048,1000000.0,2019-08-30T12:52:18.099000Z
1.10417,1.10419,1120000.0048,1870000.0048,2019-08-30T12:52:18.251000Z
1.10417,1.10418,1870000.0048,1000000.0,2019-08-30T12:52:18.550000Z
1.10416,1.10419,2640000.1049,1500000.0,2019-08-30T12:52:18.702000Z
1.10417,1.10418,1120000.0048,1000000.0,2019-08-30T12:52:19.629000Z
1.10415,1.10417,2700000.0477,3750000.0,2019-08-30T12:52:19.680000Z
1.10413,1.10415,2509999.9905,1250000.0,2019-08-30T12:52:19.811000Z
1.10413,1.10415,2539999.9619,1000000.0,2019-08-30T12:52:21.774000Z
1.10413,1.10415,1759999.9905,1000000.0,2019-08-30T12:52:22.240000Z
1.10413,1.10415,1789999.9619,1000000.0,2019-08-30T12:52:22.979000Z
1.10413,1.10415,1570000.0525,1000000.0,2019-08-30T12:52:23.080000Z
1.10413,1.10415,2470000.0286,1000000.0,2019-08-30T12:52:26.120000Z
1.10415,1.10416,1000000.0,1250000.0,2019-08-30T12:52:28.280000Z
1.1041400000000001,1.10415,1389999.9857,1000000.0,2019-08-30T12:52:28.481000Z
1.10415,1.10416,1000000.0,1309999.9428,2019-08-30T12:52:28.901000Z
1.1041400000000001,1.10415,1389999.9857,1000000.0,2019-08-30T12:52:29.025000Z
1.1041400000000001,1.10416,1820000.0525,1120000.0048,2019-08-30T12:52:29.380000Z
1.10416,1.10417,1309999.9428,1120000.0048,2019-08-30T12:52:29.431000Z
1.1042100000000001,1.10423,1000000.0,2440000.0572,2019-08-30T12:52:29.481000Z
1.1042,1.10423,4869999.8856,1750000.0,2019-08-30T12:52:29.532000Z
1.1042200000000002,1.10423,1100000.0238,2619999.8856,2019-08-30T12:52:29.583000Z
1.1042200000000002,1.10425,2450000.0477,4369999.8856,2019-08-30T12:52:29.684000Z
1.1042200000000002,1.10425,2720000.0286,5809999.9428,2019-08-30T12:52:29.789000Z
1.1042200000000002,1.10424,2099999.9046,12369999.8856,2019-08-30T12:52:30.490000Z
1.10423,1.10426,1000000.0,1690000.0572,2019-08-30T12:52:30.591000Z
1.1042200000000002,1.10424,2319999.9332,1250000.0,2019-08-30T12:52:30.642000Z
1.1042200000000002,1.10424,3069999.9332,1000000.0,2019-08-30T12:52:30.743000Z
1.1042200000000002,1.10424,3849999.9046,1000000.0,2019-08-30T12:52:30.845000Z
1.1042200000000002,1.10426,3470000.0286,19370000.8392,2019-08-30T12:52:30.918000Z
1.10423,1.10426,1009999.9905,22120000.8392,2019-08-30T12:52:31.237000Z
1.1042200000000002,1.10425,3099999.9046,1250000.0,2019-08-30T12:52:31.338000Z
1.1042200000000002,1.10425,3069999.9332,1250000.0,2019-08-30T12:52:31.439000Z
1.10423,1.10425,1000000.0,1250000.0,2019-08-30T12:52:31.541000Z
1.1042100000000001,1.10424,2660000.0858,1500000.0,2019-08-30T12:52:31.794000Z
1.1042,1.10423,1000000.0,3619999.8856,2019-08-30T12:52:31.941000Z
1.10419,1.10423,3069999.9332,2119999.8856,2019-08-30T12:52:32.093000Z
1.1042,1.10423,1000000.0,4369999.8856,2019-08-30T12:52:32.251000Z
1.10419,1.10423,3069999.9332,1370000.0048,2019-08-30T12:52:32.352000Z
1.1042,1.10423,1000000.0,3619999.8856,2019-08-30T12:52:33.044000Z
1.10419,1.10423,3069999.9332,2119999.8856,2019-08-30T12:52:33.178000Z
1.1042,1.10423,1000000.0,4369999.8856,2019-08-30T12:52:33.471000Z
1.10419,1.10423,3069999.9332,2119999.8856,2019-08-30T12:52:33.691000Z
1.1042,1.10423,1000000.0,4369999.8856,2019-08-30T12:52:33.800000Z
1.10419,1.10423,2700000.0477,2250000.0,2019-08-30T12:52:34.300000Z
1.1042,1.10423,1000000.0,6000000.0,2019-08-30T12:52:34.508000Z
1.1042100000000001,1.10423,1250000.0,1500000.0,2019-08-30T12:52:34.612000Z
1.1042200000000002,1.10424,1850000.0238,1000000.0,2019-08-30T12:52:34.713000Z
1.1042200000000002,1.10425,2509999.9905,1120000.0048,2019-08-30T12:52:34.815000Z
1.1042200000000002,1.10424,1389999.9857,1000000.0,2019-08-30T12:52:35.291000Z
1.1042200000000002,1.10424,1850000.0238,2250000.0,2019-08-30T12:52:35.393000Z
1.1042,1.1042200000000002,3470000.0286,1000000.0,2019-08-30T12:52:35.495000Z
1.1042,1.1042200000000002,3450000.0477,1250000.0,2019-08-30T12:52:35.596000Z
1.1042,1.1042200000000002,3450000.0477,1250000.0,2019-08-30T12:52:36.574000Z
1.1042,1.1042200000000002,3450000.0477,1000000.0,2019-08-30T12:52:36.767000Z
1.1042,1.10423,1200000.0477,2059999.9428,2019-08-30T12:52:36.869000Z
1.1042,1.1042200000000002,1000000.0,1500000.0,2019-08-30T12:52:36.970000Z
1.1042,1.10423,1100000.0238,2059999.9428,2019-08-30T12:52:37.539000Z
1.1042100000000001,1.10424,2569999.9332,3750000.0,2019-08-30T12:52:37.641000Z
1.10423,1.10425,1000000.0,7309999.9428,2019-08-30T12:52:37.742000Z
1.1042100000000001,1.10424,2569999.9332,1690000.0572,2019-08-30T12:52:37.977000Z
1.1042200000000002,1.10423,1250000.0,1000000.0,2019-08-30T12:52:39.090000Z
1.1042,1.1042200000000002,2700000.0477,1870000.0048,2019-08-30T12:52:39.141000Z
1.10419,1.1042100000000001,2319999.9332,1000000.0,2019-08-30T12:52:44.550000Z
1.1042,1.1042200000000002,1000000.0,2059999.9428,2019-08-30T12:52:44.811000Z
1.10419,1.1042200000000002,1000000.0,3250000.0,2019-08-30T12:52:45.549000Z
1.10418,1.10419,1100000.0238,3000000.0,2019-08-30T12:52:45.601000Z
1.10415,1.10418,3619999.8856,2000000.0,2019-08-30T12:52:45.652000Z
1.10415,1.10417,1120000.0048,1309999.9428,2019-08-30T12:52:45.753000Z
1.1041400000000001,1.10417,1200000.0477,1250000.0,2019-08-30T12:52:45.854000Z
1.10415,1.10417,1000000.0,1250000.0,2019-08-30T12:52:46.058000Z
1.10416,1.1042,1309999.9428,6119999.8856,2019-08-30T12:52:46.413000Z
1.10418,1.1042200000000002,3819999.9332,2000000.0,2019-08-30T12:52:46.514000Z
1.10419,1.1042200000000002,1850000.0238,2250000.0,2019-08-30T12:52:46.616000Z
1.10419,1.1042100000000001,2970000.0286,1000000.0,2019-08-30T12:52:47.277000Z
1.1042100000000001,1.1042200000000002,1100000.0238,1120000.0048,2019-08-30T12:52:47.379000Z
1.1042,1.1042200000000002,2059999.9428,1000000.0,2019-08-30T12:52:48.346000Z
1.1042,1.1042200000000002,1789999.9619,1000000.0,2019-08-30T12:52:48.447000Z
1.1042,1.10424,1789999.9619,7059999.9428,2019-08-30T12:52:48.572000Z
1.1042100000000001,1.10423,1220000.0286,1120000.0048,2019-08-30T12:52:48.674000Z
1.1042,1.10424,1950000.0477,8060000.4196,2019-08-30T12:52:48.776000Z
1.1042100000000001,1.10423,1000000.0,3190000.0572,2019-08-30T12:52:49.433000Z
1.1042,1.10424,2140000.1049,4809999.9428,2019-08-30T12:52:49.742000Z
1.1042,1.10424,2539999.9619,4809999.9428,2019-08-30T12:52:49.844000Z
1.1042,1.10424,2509999.9905,4809999.9428,2019-08-30T12:52:49.945000Z
1.1042,1.10424,3410000.0858,4809999.9428,2019-08-30T12:52:50.150000Z
1.1042,1.10424,1889999.9857,4809999.9428,2019-08-30T12:52:50.252000Z
1.1042,1.10424,1759999.9905,6309999.9428,2019-08-30T12:52:50.353000Z
1.1042,1.10424,2160000.0858,6309999.9428,2019-08-30T12:52:50.454000Z
1.1042,1.10424,2140000.1049,6309999.9428,2019-08-30T12:52:50.561000Z
1.1042,1.10424,3039999.9619,6309999.9428,2019-08-30T12:52:50.674000Z
1.1042,1.10424,2140000.1049,6309999.9428,2019-08-30T12:52:50.859000Z
1.1042,1.10423,1759999.9905,1370000.0048,2019-08-30T12:52:50.974000Z
1.1042,1.10423,2259999.9905,2250000.0,2019-08-30T12:52:51.392000Z
1.1042,1.10423,2509999.9905,2119999.8856,2019-08-30T12:52:53.575000Z
1.1042100000000001,1.10423,1000000.0,3619999.8856,2019-08-30T12:52:54.271000Z
1.1042,1.10423,2509999.9905,2119999.8856,2019-08-30T12:52:54.440000Z
1.1042100000000001,1.10423,1100000.0238,3250000.0,2019-08-30T12:52:55.079000Z
1.1042,1.10423,2440000.0572,1750000.0,2019-08-30T12:52:55.704000Z
1.1042100000000001,1.10423,1000000.0,4000000.0,2019-08-30T12:52:55.855000Z
1.1042,1.10423,2509999.9905,1750000.0,2019-08-30T12:52:55.956000Z
1.10418,1.1042,4719999.7902,2440000.0572,2019-08-30T12:52:56.231000Z
1.10416,1.1042,2950000.0477,1370000.0048,2019-08-30T12:52:56.333000Z
1.10417,1.1042,5719999.7902,1250000.0,2019-08-30T12:52:56.435000Z
1.10419,1.1042100000000001,1000000.0,2500000.0,2019-08-30T12:52:58.015000Z
1.10418,1.1042100000000001,1690000.0572,1250000.0,2019-08-30T12:52:58.116000Z
1.10418,1.1042100000000001,2140000.1049,1250000.0,2019-08-30T12:53:01.519000Z
1.10418,1.1042200000000002,2539999.9619,3619999.8856,2019-08-30T12:53:01.621000Z
1.10418,1.1042200000000002,2890000.1049,3619999.8856,2019-08-30T12:53:01.893000Z
1.10418,1.1042200000000002,3759999.9905,3619999.8856,2019-08-30T12:53:01.998000Z
1.10418,1.10419,1100000.0238,1500000.0,2019-08-30T12:53:03.047000Z
1.10416,1.10419,1970000.0286,1690000.0572,2019-08-30T12:53:03.149000Z
1.10415,1.10418,2890000.1049,1000000.0,2019-08-30T12:53:03.203000Z
1.10415,1.10417,2509999.9905,1500000.0,2019-08-30T12:53:03.304000Z
1.10416,1.10417,1000000.0,1500000.0,2019-08-30T12:53:03.712000Z
1.10415,1.10417,2509999.9905,1500000.0,2019-08-30T12:53:03.857000Z
1.10415,1.10417,2640000.1049,1000000.0,2019-08-30T12:53:04.237000Z
1.10415,1.10417,1870000.0048,1500000.0,2019-08-30T12:53:04.849000Z
1.10415,1.10417,3309999.9428,1000000.0,2019-08-30T12:53:07.917000Z
1.10416,1.10418,1500000.0,2440000.0572,2019-08-30T12:53:08.018000Z
1.10416,1.10419,1870000.0048,3190000.0572,2019-08-30T12:53:08.322000Z
1.10415,1.10419,2000000.0,4369999.8856,2019-08-30T12:53:08.425000Z
1.10416,1.10419,1500000.0,2440000.0572,2019-08-30T12:53:09.228000Z
1.10415,1.10419,2000000.0,6000000.0,2019-08-30T12:53:09.573000Z
1.10416,1.10419,1200000.0477,3190000.0572,2019-08-30T12:53:10.642000Z
1.10416,1.10419,1120000.0048,3000000.0,2019-08-30T12:53:10.743000Z
1.10416,1.10419,1120000.0048,3940000.0572,2019-08-30T12:53:11.163000Z
1.10417,1.10419,1000000.0,1690000.0572,2019-08-30T12:53:12.063000Z
1.10417,1.10418,1000000.0,1000000.0,2019-08-30T12:53:12.570000Z
1.10417,1.10419,1000000.0,1690000.0572,2019-08-30T12:53:12.692000Z
1.10417,1.10418,1000000.0,1000000.0,2019-08-30T12:53:12.794000Z
1.10415,1.10419,3569999.9332,1750000.0,2019-08-30T12:53:12.937000Z
1.10417,1.10419,1000000.0,2500000.0,2019-08-30T12:53:13.574000Z
1.10416,1.10419,1309999.9428,1750000.0,2019-08-30T12:53:14.365000Z
1.1042,1.1042100000000001,1000000.0,2890000.1049,2019-08-30T12:53:14.467000Z
1.1042,1.1042200000000002,1000000.0,1120000.0048,2019-08-30T12:53:14.569000Z
1.1042100000000001,1.1042200000000002,1000000.0,1120000.0048,2019-08-30T12:53:14.670000Z
1.1042100000000001,1.10423,1000000.0,1250000.0,2019-08-30T12:53:14.772000Z
1.1042,1.1042200000000002,2440000.0572,1000000.0,2019-08-30T12:53:14.965000Z
1.1042,1.1042200000000002,2500000.0,1000000.0,2019-08-30T12:53:15.066000Z
1.1042,1.1042200000000002,1120000.0048,1000000.0,2019-08-30T12:53:15.860000Z
1.10419,1.1042200000000002,3000000.0,1250000.0,2019-08-30T12:53:16.887000Z
1.1042,1.1042200000000002,1000000.0,1690000.0572,2019-08-30T12:53:17.090000Z
1.10419,1.1042200000000002,3750000.0,1690000.0572,2019-08-30T12:53:17.260000Z
1.10419,1.1042200000000002,1000000.0,1820000.0525,2019-08-30T12:53:18.046000Z
1.10417,1.10419,3069999.9332,1000000.0,2019-08-30T12:53:18.097000Z
1.10416,1.10418,1500000.0,1500000.0,2019-08-30T12:53:18.199000Z
1.10415,1.10419,1000000.0,6070000.1717,2019-08-30T12:53:18.301000Z
1.1041400000000001,1.10418,2890000.1049,4159999.8474,2019-08-30T12:53:19.092000Z
1.10413,1.10418,1690000.0572,6349999.9046,2019-08-30T12:53:19.662000Z
1.10413,1.10417,2140000.1049,3410000.0858,2019-08-30T12:53:20.268000Z
1.10413,1.10415,1250000.0,1100000.0238,2019-08-30T12:53:20.370000Z
1.1041400000000001,1.10415,1120000.0048,1000000.0,2019-08-30T12:53:22.231000Z
1.10413,1.10415,1759999.9905,1000000.0,2019-08-30T12:53:23.844000Z
1.1041200000000002,1.10416,1250000.0,4010000.2289,2019-08-30T12:53:23.997000Z
1.1041200000000002,1.10415,1120000.0048,3619999.8856,2019-08-30T12:53:24.099000Z
1.10409,1.10413,1009999.9905,2059999.9428,2019-08-30T12:53:24.200000Z
1.10409,1.10413,1000000.0,2950000.0477,2019-08-30T12:53:24.301000Z
1.1041,1.10413,1000000.0,7010000.2289,2019-08-30T12:53:24.403000Z
1.1041200000000002,1.10415,1500000.0,2059999.9428,2019-08-30T12:53:24.504000Z
1.1041200000000002,1.10415,2059999.9428,1000000.0,2019-08-30T12:53:24.605000Z
1.1041200000000002,1.10415,2500000.0,1250000.0,2019-08-30T12:53:24.741000Z
1.1041400000000001,1.10415,1000000.0,1250000.0,2019-08-30T12:53:25.051000Z
1.1041400000000001,1.10417,1570000.0525,4760000.2289,2019-08-30T12:53:27.273000Z
1.1041400000000001,1.10416,1570000.0525,1000000.0,2019-08-30T12:53:27.409000Z
1.1041400000000001,1.10417,1570000.0525,4760000.2289,2019-08-30T12:53:27.520000Z
1.1041400000000001,1.10416,1950000.0477,1000000.0,2019-08-30T12:53:27.773000Z
1.1041400000000001,1.10417,1200000.0477,3640000.1049,2019-08-30T12:53:27.920000Z
1.1041400000000001,1.10417,1970000.0286,2059999.9428,2019-08-30T12:53:28.386000Z
1.1041400000000001,1.10417,2509999.9905,1100000.0238,2019-08-30T12:53:28.491000Z
1.1041400000000001,1.10418,5159999.8474,3819999.9332,2019-08-30T12:53:28.593000Z
1.1041400000000001,1.10418,1309999.9428,1950000.0477,2019-08-30T12:53:28.694000Z
1.10416,1.10418,1500000.0,2700000.0477,2019-08-30T12:53:29.014000Z
1.10415,1.10418,2440000.0572,2500000.0,2019-08-30T12:53:29.115000Z
1.1041400000000001,1.10417,1250000.0,1250000.0,2019-08-30T12:53:29.658000Z
1.10413,1.10417,1120000.0048,4449999.8093,2019-08-30T12:53:31.644000Z
1.1041400000000001,1.10416,1100000.0238,1000000.0,2019-08-30T12:53:31.848000Z
1.1041400000000001,1.10416,1000000.0,3619999.8856,2019-08-30T12:53:43.605000Z
1.1041100000000001,1.1041400000000001,2059999.9428,2369999.8856,2019-08-30T12:53:43.749000Z
1.1041,1.10413,3069999.9332,1250000.0,2019-08-30T12:53:43.850000Z
1.1041100000000001,1.1041400000000001,2809999.9428,1000000.0,2019-08-30T12:53:44.971000Z
1.1041100000000001,1.1041400000000001,1250000.0,1500000.0,2019-08-30T12:53:45.072000Z
1.1041,1.1041400000000001,1120000.0048,6449999.8093,2019-08-30T12:53:45.426000Z
1.10409,1.1041200000000002,1000000.0,3640000.1049,2019-08-30T12:53:45.575000Z
1.1041,1.1041200000000002,1500000.0,1389999.9857,2019-08-30T12:53:47.452000Z
1.1041,1.10413,1120000.0048,5510000.2289,2019-08-30T12:53:47.705000Z
1.1041,1.1041200000000002,1120000.0048,1500000.0,2019-08-30T12:53:48.071000Z
1.1041,1.10413,1120000.0048,5510000.2289,2019-08-30T12:53:48.172000Z
1.10409,1.10413,1250000.0,5539999.9619,2019-08-30T12:53:48.839000Z
1.10408,1.1041200000000002,1690000.0572,1200000.0477,2019-08-30T12:53:49.742000Z
1.10408,1.1041200000000002,1750000.0,1950000.0477,2019-08-30T12:53:51.849000Z
1.10408,1.1041200000000002,1250000.0,1950000.0477,2019-08-30T12:53:53.231000Z
1.10409,1.1041200000000002,4500000.0,2000000.0,2019-08-30T12:53:55.781000Z
1.1041,1.1041200000000002,1690000.0572,1000000.0,2019-08-30T12:53:55.907000Z
1.1041,1.10413,1759999.9905,1000000.0,2019-08-30T12:53:56.008000Z
1.1041,1.1041400000000001,2140000.1049,4690000.0572,2019-08-30T12:53:57.354000Z
1.1041200000000002,1.1041400000000001,1120000.0048,2319999.9332,2019-08-30T12:53:57.558000Z
1.1041200000000002,1.10415,1250000.0,1690000.0572,2019-08-30T12:53:57.711000Z
1.10413,1.10415,1000000.0,2140000.1049,2019-08-30T12:53:58.851000Z
1.1041400000000001,1.10415,1690000.0572,1500000.0,2019-08-30T12:53:59.004000Z
1.10413,1.10417,4139999.8665,5059999.9428,2019-08-30T12:53:59.106000Z
1.10413,1.10417,3200000.0477,2119999.8856,2019-08-30T12:53:59.286000Z
1.1041400000000001,1.10417,1720000.0286,2500000.0,2019-08-30T12:53:59.937000Z
1.1041400000000001,1.10417,1220000.0286,2440000.0572,2019-08-30T12:54:00.140000Z
1.10415,1.10417,1600000.0238,2440000.0572,2019-08-30T12:54:00.493000Z
1.1041400000000001,1.10417,1220000.0286,2440000.0572,2019-08-30T12:54:00.594000Z
1.10413,1.10417,6599999.9046,1250000.0,2019-08-30T12:54:01.048000Z
1.1041400000000001,1.10417,1970000.0286,1250000.0,2019-08-30T12:54:01.150000Z
1.10415,1.10417,1500000.0,1000000.0,2019-08-30T12:54:01.252000Z
1.10415,1.10417,1970000.0286,1000000.0,2019-08-30T12:54:01.354000Z
1.10415,1.10417,1200000.0477,1000000.0,2019-08-30T12:54:01.640000Z
1.10415,1.10417,1970000.0286,1000000.0,2019-08-30T12:54:01.741000Z
1.10415,1.10418,1970000.0286,1690000.0572,2019-08-30T12:54:01.920000Z
1.10415,1.10418,1200000.0477,1690000.0572,2019-08-30T12:54:02.551000Z
1.10415,1.10418,1970000.0286,2059999.9428,2019-08-30T12:54:03.385000Z
1.10416,1.10418,1220000.0286,1500000.0,2019-08-30T12:54:03.728000Z
1.1041400000000001,1.10418,4599999.9046,1500000.0,2019-08-30T12:54:03.829000Z
1.10416,1.10419,1250000.0,1309999.9428,2019-08-30T12:54:04.308000Z
1.10417,1.10419,1100000.0238,1750000.0,2019-08-30T12:54:04.460000Z
1.10415,1.10418,8289999.9619,1000000.0,2019-08-30T12:54:04.511000Z
1.10415,1.10419,2539999.9619,2809999.9428,2019-08-30T12:54:04.612000Z
1.10415,1.10419,1570000.0525,5119999.8856,2019-08-30T12:54:04.714000Z
1.10415,1.10418,1100000.0238,3250000.0,2019-08-30T12:54:04.815000Z
1.10415,1.10418,2099999.9046,2500000.0,2019-08-30T12:54:05.209000Z
1.1041400000000001,1.10418,1950000.0477,2869999.8856,2019-08-30T12:54:05.361000Z
1.1041400000000001,1.10418,2910000.0858,1309999.9428,2019-08-30T12:54:06.191000Z
1.10417,1.10419,1000000.0,4809999.9428,2019-08-30T12:54:06.329000Z
1.10416,1.10419,1220000.0286,1690000.0572,2019-08-30T12:54:06.430000Z
1.10416,1.10418,1600000.0238,1690000.0572,2019-08-30T12:54:06.531000Z
1.10416,1.1042,3220000.0286,4000000.0,2019-08-30T12:54:06.683000Z
1.10415,1.10419,1970000.0286,4000000.0,2019-08-30T12:54:06.885000Z
1.10415,1.10418,2099999.9046,2119999.8856,2019-08-30T12:54:06.987000Z
1.10415,1.10418,1100000.0238,2119999.8856,2019-08-30T12:54:07.362000Z
1.10415,1.10418,1970000.0286,1370000.0048,2019-08-30T12:54:07.671000Z
1.10415,1.10418,1200000.0477,4369999.8856,2019-08-30T12:54:08.041000Z
1.10415,1.10418,1970000.0286,1370000.0048,2019-08-30T12:54:08.607000Z
1.10417,1.1042,1309999.9428,2869999.8856,2019-08-30T12:54:08.715000Z
1.10418,1.1042,1000000.0,2119999.8856,2019-08-30T12:54:08.816000Z
1.10418,1.1042100000000001,1570000.0525,1870000.0048,2019-08-30T12:54:08.918000Z
1.10418,1.1042100000000001,4349999.9046,1250000.0,2019-08-30T12:54:09.019000Z
1.10419,1.1042100000000001,1600000.0238,1250000.0,2019-08-30T12:54:10.786000Z
1.10418,1.1042100000000001,2720000.0286,1250000.0,2019-08-30T12:54:10.888000Z
1.10419,1.1042100000000001,1220000.0286,1250000.0,2019-08-30T12:54:11.706000Z
1.10418,1.1042200000000002,3789999.9619,2059999.9428,2019-08-30T12:54:11.808000Z
1.10418,1.10423,2849999.9046,8250000.0,2019-08-30T12:54:11.930000Z
1.10418,1.1042200000000002,2619999.8856,3450000.0477,2019-08-30T12:54:12.413000Z
1.10418,1.1042200000000002,2470000.0286,1350000.0238,2019-08-30T12:54:19.324000Z
1.10418,1.1042200000000002,1200000.0477,1250000.0,2019-08-30T12:54:19.425000Z
1.10418,1.1042100000000001,1200000.0477,1250000.0,2019-08-30T12:54:23.922000Z
1.10418,1.1042200000000002,3450000.0477,2869999.8856,2019-08-30T12:54:24.949000Z
1.10418,1.10423,2470000.0286,8720000.267,2019-08-30T12:54:27.283000Z
1.10418,1.10423,1200000.0477,8319999.6948,2019-08-30T12:54:27.468000Z
1.10418,1.10423,2660000.0858,7219999.7902,2019-08-30T12:54:28.197000Z
1.10418,1.1042200000000002,2349999.9046,1350000.0238,2019-08-30T12:54:28.299000Z
1.10418,1.1042200000000002,1200000.0477,1370000.0048,2019-08-30T12:54:30.028000Z
1.10418,1.1042100000000001,1220000.0286,1250000.0,2019-08-30T12:54:30.911000Z
1.10419,1.10423,1049999.9523,2200000.0477,2019-08-30T12:54:31.362000Z
1.10419,1.10423,2720000.0286,4820000.1717,2019-08-30T12:54:31.816000Z
1.10418,1.1042200000000002,4010000.2289,1250000.0,2019-08-30T12:54:31.867000Z
1.1042,1.10423,1250000.0,3869999.8856,2019-08-30T12:54:32.474000Z
1.1042,1.10423,1250000.0,1500000.0,2019-08-30T12:54:32.575000Z
1.10419,1.10423,1759999.9905,2500000.0,2019-08-30T12:54:32.726000Z
1.10418,1.10423,3069999.9332,5699999.8093,2019-08-30T12:54:34.601000Z
1.10419,1.1042200000000002,1000000.0,1370000.0048,2019-08-30T12:54:34.907000Z
1.10418,1.1042200000000002,1570000.0525,2869999.8856,2019-08-30T12:54:36.592000Z
1.10419,1.1042200000000002,1000000.0,3619999.8856,2019-08-30T12:54:38.281000Z
1.10418,1.1042200000000002,1570000.0525,2119999.8856,2019-08-30T12:54:38.720000Z
1.10419,1.1042200000000002,1000000.0,3619999.8856,2019-08-30T12:54:38.825000Z
1.10418,1.1042200000000002,1570000.0525,2119999.8856,2019-08-30T12:54:39.001000Z
1.10419,1.1042200000000002,1000000.0,3619999.8856,2019-08-30T12:54:39.322000Z
1.10418,1.1042200000000002,1570000.0525,2119999.8856,2019-08-30T12:54:39.537000Z
1.10418,1.1042200000000002,1970000.0286,2569999.9332,2019-08-30T12:54:41.425000Z
1.10418,1.1042200000000002,1120000.0048,4570000.1717,2019-08-30T12:54:42.983000Z
1.10417,1.1042200000000002,2890000.1049,5320000.1717,2019-08-30T12:54:43.532000Z
1.10418,1.1042200000000002,1220000.0286,6070000.1717,2019-08-30T12:54:47.657000Z
1.10417,1.1042200000000002,2140000.1049,5320000.1717,2019-08-30T12:54:47.758000Z
1.10417,1.1042100000000001,2910000.0858,1309999.9428,2019-08-30T12:54:48.155000Z
1.10417,1.1042100000000001,2140000.1049,1309999.9428,2019-08-30T12:54:48.271000Z
1.10416,1.10417,3559999.9428,1500000.0,2019-08-30T12:54:48.586000Z
1.10416,1.10418,1250000.0,1690000.0572,2019-08-30T12:54:48.688000Z
1.10416,1.10419,1009999.9905,3750000.0,2019-08-30T12:54:48.837000Z
1.10416,1.10419,1250000.0,1000000.0,2019-08-30T12:54:48.939000Z
1.10416,1.1042,1100000.0238,2119999.8856,2019-08-30T12:54:49.040000Z
1.10416,1.1042,1820000.0525,1309999.9428,2019-08-30T12:54:49.142000Z
1.10416,1.1042,1759999.9905,1309999.9428,2019-08-30T12:54:49.956000Z
1.10415,1.1042,6449999.8093,4889999.8665,2019-08-30T12:54:50.057000Z
1.10415,1.10419,1690000.0572,3259999.9905,2019-08-30T12:54:50.159000Z
1.10415,1.10418,2509999.9905,1500000.0,2019-08-30T12:54:50.310000Z
1.10415,1.10419,1759999.9905,2059999.9428,2019-08-30T12:54:50.462000Z
1.10416,1.10419,1000000.0,2890000.1049,2019-08-30T12:54:50.844000Z
1.10416,1.10418,1000000.0,1500000.0,2019-08-30T12:54:51.494000Z
1.10416,1.10419,1000000.0,2890000.1049,2019-08-30T12:54:51.596000Z
1.10415,1.10419,1690000.0572,2140000.1049,2019-08-30T12:54:51.785000Z
1.10415,1.10418,2440000.0572,1500000.0,2019-08-30T12:54:51.937000Z
1.10415,1.10419,1690000.0572,2140000.1049,2019-08-30T12:54:52.038000Z
1.10416,1.1042,1120000.0048,3319999.9332,2019-08-30T12:54:52.291000Z
1.10416,1.1042,5659999.8474,3640000.1049,2019-08-30T12:54:52.392000Z
1.10416,1.1042100000000001,2890000.1049,7570000.1717,2019-08-30T12:54:52.544000Z
1.10416,1.1042100000000001,2700000.0477,7570000.1717,2019-08-30T12:54:52.661000Z
1.10416,1.10418,1100000.0238,1250000.0,2019-08-30T12:54:52.712000Z
1.1041400000000001,1.10418,4219999.7902,3319999.9332,2019-08-30T12:54:52.818000Z
1.10415,1.10418,1000000.0,1389999.9857,2019-08-30T12:54:52.919000Z
1.10415,1.10417,1000000.0,1000000.0,2019-08-30T12:54:53.020000Z
1.10415,1.10418,1000000.0,1309999.9428,2019-08-30T12:54:53.126000Z
1.1041400000000001,1.10418,2509999.9905,1309999.9428,2019-08-30T12:54:53.259000Z
1.1041400000000001,1.10418,3390000.1049,1309999.9428,2019-08-30T12:54:53.768000Z
1.1041400000000001,1.10417,1570000.0525,1309999.9428,2019-08-30T12:54:57.672000Z
1.1041400000000001,1.10418,5449999.8093,5119999.8856,2019-08-30T12:54:58.173000Z
1.1041400000000001,1.10418,2440000.0572,4389999.8665,2019-08-30T12:54:58.274000Z
1.1041400000000001,1.10417,2910000.0858,1250000.0,2019-08-30T12:54:58.376000Z
1.1041400000000001,1.10417,1690000.0572,1250000.0,2019-08-30T12:54:58.682000Z
1.1041400000000001,1.10417,2119999.8856,1690000.0572,2019-08-30T12:54:59.451000Z
1.1041400000000001,1.10417,1870000.0048,1690000.0572,2019-08-30T12:54:59.552000Z
1.1041400000000001,1.10417,2349999.9046,1309999.9428,2019-08-30T12:54:59.653000Z
1.1041400000000001,1.10417,1120000.0048,1309999.9428,2019-08-30T12:54:59.758000Z
1.10413,1.10417,4949999.8093,5500000.0,2019-08-30T12:55:00.202000Z
1.10413,1.10415,1000000.0,1250000.0,2019-08-30T12:55:00.310000Z
1.1041200000000002,1.10415,1120000.0048,1250000.0,2019-08-30T12:55:00.411000Z
1.1041200000000002,1.10416,3099999.9046,3319999.9332,2019-08-30T12:55:02.553000Z
1.1041200000000002,1.10416,1000000.0,2950000.0477,2019-08-30T12:55:02.891000Z
1.1041100000000001,1.10415,6639999.8665,1250000.0,2019-08-30T12:55:05.322000Z
1.1041200000000002,1.10415,1500000.0,1309999.9428,2019-08-30T12:55:05.656000Z
1.1041100000000001,1.10415,7010000.2289,1309999.9428,2019-08-30T12:55:05.807000Z
1.1041100000000001,1.10415,6760000.2289,1250000.0,2019-08-30T12:55:06.411000Z
1.10413,1.10415,1000000.0,1250000.0,2019-08-30T12:55:07.025000Z
1.1041200000000002,1.10415,1120000.0048,1250000.0,2019-08-30T12:55:07.127000Z
1.10413,1.10415,1120000.0048,1250000.0,2019-08-30T12:55:10.780000Z
1.1041200000000002,1.10415,2319999.9332,1250000.0,2019-08-30T12:55:10.932000Z
1.1041200000000002,1.10415,3099999.9046,1250000.0,2019-08-30T12:55:11.034000Z
1.1041200000000002,1.10415,1120000.0048,1250000.0,2019-08-30T12:55:11.363000Z
1.1041100000000001,1.10416,5139999.8665,3450000.0477,2019-08-30T12:55:12.069000Z
1.1041200000000002,1.10416,1000000.0,5699999.8093,2019-08-30T12:55:12.271000Z
1.1041100000000001,1.10416,5139999.8665,3450000.0477,2019-08-30T12:55:12.442000Z
1.1041200000000002,1.10416,1500000.0,7199999.8093,2019-08-30T12:55:12.589000Z
1.1041200000000002,1.10415,1200000.0477,1509999.9905,2019-08-30T12:55:13.143000Z
1.1041100000000001,1.10415,7010000.2289,1309999.9428,2019-08-30T12:55:15.358000Z
1.1041100000000001,1.10416,6289999.9619,4119999.8856,2019-08-30T12:55:18.502000Z
1.1041100000000001,1.10416,6260000.2289,4949999.8093,2019-08-30T12:55:18.604000Z
1.1041400000000001,1.10415,1000000.0,1250000.0,2019-08-30T12:55:18.725000Z
1.1041200000000002,1.10415,2700000.0477,1250000.0,2019-08-30T12:55:18.827000Z
1.10413,1.10416,1500000.0,3619999.8856,2019-08-30T12:55:20.328000Z
1.1041400000000001,1.10417,3000000.0,1700000.0477,2019-08-30T12:55:20.379000Z
1.10415,1.10418,1000000.0,4949999.8093,2019-08-30T12:55:20.480000Z
1.1041400000000001,1.10418,1500000.0,6070000.1717,2019-08-30T12:55:20.581000Z
1.1041400000000001,1.10416,1500000.0,1000000.0,2019-08-30T12:55:22.647000Z
1.10413,1.10416,1000000.0,1690000.0572,2019-08-30T12:55:24.610000Z
1.1041200000000002,1.10416,3259999.9905,1690000.0572,2019-08-30T12:55:24.712000Z
1.10413,1.10416,1000000.0,3190000.0572,2019-08-30T12:55:25.042000Z
1.1041200000000002,1.10416,4389999.8665,1690000.0572,2019-08-30T12:55:25.161000Z
1.10413,1.10416,1000000.0,3190000.0572,2019-08-30T12:55:25.313000Z
1.1041200000000002,1.10416,4389999.8665,1690000.0572,2019-08-30T12:55:25.441000Z
1.10413,1.10416,1000000.0,1690000.0572,2019-08-30T12:55:25.594000Z
1.10413,1.10416,1000000.0,5619999.8856,2019-08-30T12:55:28.631000Z
1.1041200000000002,1.10416,1500000.0,4949999.8093,2019-08-30T12:55:28.732000Z
1.1041200000000002,1.10416,2509999.9905,2809999.9428,2019-08-30T12:55:29.585000Z
1.1041200000000002,1.10416,1570000.0525,4000000.0,2019-08-30T12:55:30.040000Z
1.1041200000000002,1.10416,1970000.0286,4070000.1717,2019-08-30T12:55:32.263000Z
1.1041200000000002,1.10416,1200000.0477,4099999.9046,2019-08-30T12:55:32.364000Z
1.10413,1.10416,1250000.0,3369999.8856,2019-08-30T12:55:32.533000Z
1.10413,1.10415,1000000.0,1370000.0048,2019-08-30T12:55:32.634000Z
1.10413,1.10416,1000000.0,2940000.0572,2019-08-30T12:55:32.735000Z
1.1041400000000001,1.10416,1000000.0,3690000.0572,2019-08-30T12:55:32.836000Z
1.1041400000000001,1.10416,1000000.0,2059999.9428,2019-08-30T12:55:33.532000Z
1.1041400000000001,1.10416,1000000.0,2869999.8856,2019-08-30T12:55:33.833000Z
1.1041400000000001,1.10416,1000000.0,2140000.1049,2019-08-30T12:55:33.934000Z
1.10413,1.10416,1500000.0,2809999.9428,2019-08-30T12:55:36.800000Z
1.10413,1.10416,2619999.8856,3690000.0572,2019-08-30T12:55:38.841000Z
1.1041200000000002,1.10415,3259999.9905,1000000.0,2019-08-30T12:55:42.547000Z
1.1041200000000002,1.10415,4039999.9619,1000000.0,2019-08-30T12:55:42.649000Z
1.10413,1.10416,1570000.0525,1690000.0572,2019-08-30T12:55:42.755000Z
1.10413,1.10416,1000000.0,3250000.0,2019-08-30T12:55:43.183000Z
1.1041200000000002,1.10415,2619999.8856,1309999.9428,2019-08-30T12:55:43.284000Z
1.1041200000000002,1.10415,1870000.0048,1250000.0,2019-08-30T12:55:45.469000Z
1.10413,1.1041400000000001,1100000.0238,1120000.0048,2019-08-30T12:55:46.129000Z
1.1041400000000001,1.10416,1000000.0,2809999.9428,2019-08-30T12:55:46.661000Z
1.10415,1.10417,1000000.0,3819999.9332,2019-08-30T12:55:46.764000Z
1.10415,1.10417,1500000.0,1250000.0,2019-08-30T12:55:46.865000Z
1.1041400000000001,1.10418,1500000.0,7469999.7902,2019-08-30T12:55:48.653000Z
1.1041400000000001,1.10418,1000000.0,4949999.8093,2019-08-30T12:55:49.165000Z
1.10415,1.10418,1000000.0,1850000.0238,2019-08-30T12:55:50.421000Z
1.10417,1.10418,1000000.0,1250000.0,2019-08-30T12:55:50.522000Z
1.10416,1.10419,1500000.0,2440000.0572,2019-08-30T12:55:50.573000Z
1.10417,1.1042,1000000.0,3759999.9905,2019-08-30T12:55:50.708000Z
1.10415,1.10419,2509999.9905,4750000.0,2019-08-30T12:55:50.758000Z
1.10416,1.10418,1250000.0,1100000.0238,2019-08-30T12:55:51.012000Z
1.10417,1.10419,1000000.0,1120000.0048,2019-08-30T12:55:51.113000Z
1.10417,1.10418,1000000.0,1000000.0,2019-08-30T12:55:51.265000Z
1.10418,1.1042,1000000.0,4510000.2289,2019-08-30T12:55:51.366000Z
1.10418,1.1042,1000000.0,4010000.2289,2019-08-30T12:55:52.229000Z
1.10418,1.10419,1000000.0,1500000.0,2019-08-30T12:55:52.840000Z
1.10417,1.10419,1000000.0,1500000.0,2019-08-30T12:55:52.941000Z
1.10417,1.1042,1000000.0,4010000.2289,2019-08-30T12:55:53.043000Z
1.10417,1.10419,1000000.0,1500000.0,2019-08-30T12:55:55.119000Z
1.10417,1.1042,1000000.0,2890000.1049,2019-08-30T12:55:55.221000Z
1.10418,1.1042,1000000.0,2140000.1049,2019-08-30T12:55:55.918000Z
1.10418,1.10419,1000000.0,1500000.0,2019-08-30T12:55:56.912000Z
1.10418,1.1042,1000000.0,2140000.1049,2019-08-30T12:55:57.109000Z
1.10418,1.10419,1000000.0,1500000.0,2019-08-30T12:55:57.771000Z
1.10418,1.1042,1000000.0,2140000.1049,2019-08-30T12:55:57.872000Z
1.10418,1.10419,1000000.0,1500000.0,2019-08-30T12:55:58.160000Z
1.10418,1.1042,1000000.0,2140000.1049,2019-08-30T12:55:58.272000Z
1.10418,1.10419,1250000.0,1000000.0,2019-08-30T12:55:59.078000Z
1.10418,1.1042,1250000.0,1759999.9905,2019-08-30T12:55:59.678000Z
1.10417,1.10419,1250000.0,1000000.0,2019-08-30T12:56:00.335000Z
1.10417,1.1042,1250000.0,1250000.0,2019-08-30T12:56:00.767000Z
1.10417,1.10419,1250000.0,1000000.0,2019-08-30T12:56:00.995000Z
1.10417,1.1042,1250000.0,1250000.0,2019-08-30T12:56:01.096000Z
1.10418,1.1042,1250000.0,2160000.0858,2019-08-30T12:56:02.561000Z
1.10418,1.1042,1250000.0,1690000.0572,2019-08-30T12:56:02.712000Z
1.10418,1.10419,1250000.0,1000000.0,2019-08-30T12:56:02.957000Z
1.10418,1.1042,1500000.0,1100000.0238,2019-08-30T12:56:03.058000Z
1.10418,1.1042100000000001,1500000.0,3940000.0572,2019-08-30T12:56:03.160000Z
1.10418,1.1042,1500000.0,1000000.0,2019-08-30T12:56:03.261000Z
1.1042,1.10423,1000000.0,3759999.9905,2019-08-30T12:56:03.362000Z
1.1042,1.1042200000000002,1250000.0,1500000.0,2019-08-30T12:56:03.530000Z
1.1042,1.1042200000000002,1309999.9428,1120000.0048,2019-08-30T12:56:04.123000Z
1.1042100000000001,1.10423,1000000.0,1000000.0,2019-08-30T12:56:04.225000Z
1.1042,1.10424,1250000.0,4199999.8093,2019-08-30T12:56:04.327000Z
1.10419,1.1042200000000002,1759999.9905,1500000.0,2019-08-30T12:56:04.517000Z
1.10419,1.1042200000000002,1690000.0572,1120000.0048,2019-08-30T12:56:06.588000Z
1.1042100000000001,1.10423,1000000.0,2069999.9332,2019-08-30T12:56:06.689000Z
1.1042200000000002,1.10424,1000000.0,1620000.0048,2019-08-30T12:56:07.722000Z
1.1042100000000001,1.10423,1500000.0,2500000.0,2019-08-30T12:56:07.824000Z
1.1042100000000001,1.10423,1000000.0,1750000.0,2019-08-30T12:56:07.925000Z
1.10419,1.1042200000000002,2750000.0,1309999.9428,2019-08-30T12:56:08.331000Z
1.10419,1.1042200000000002,1870000.0048,1309999.9428,2019-08-30T12:56:10.420000Z
1.10419,1.10423,2869999.8856,2319999.9332,2019-08-30T12:56:10.572000Z
1.10419,1.10423,3450000.0477,2119999.8856,2019-08-30T12:56:10.724000Z
1.1042200000000002,1.10423,1500000.0,2619999.8856,2019-08-30T12:56:10.863000Z
1.1042,1.10424,3289999.9619,1009999.9905,2019-08-30T12:56:10.965000Z
1.1042,1.10425,2059999.9428,8350000.3815,2019-08-30T12:56:11.067000Z
1.1042,1.1042200000000002,1000000.0,1000000.0,2019-08-30T12:56:11.168000Z
1.1042,1.10423,1000000.0,2890000.1049,2019-08-30T12:56:11.574000Z
1.1042200000000002,1.10424,2500000.0,1389999.9857,2019-08-30T12:56:12.112000Z
1.1042200000000002,1.10424,1000000.0,1250000.0,2019-08-30T12:56:12.213000Z
1.10423,1.10425,1000000.0,1100000.0238,2019-08-30T12:56:12.365000Z
1.10423,1.10426,1500000.0,5059999.9428,2019-08-30T12:56:12.617000Z
1.1042200000000002,1.10424,1950000.0477,1120000.0048,2019-08-30T12:56:12.962000Z
1.1042100000000001,1.10424,1000000.0,3069999.9332,2019-08-30T12:56:13.063000Z
1.1042100000000001,1.10423,1000000.0,2809999.9428,2019-08-30T12:56:13.215000Z
1.1042200000000002,1.10424,1500000.0,1620000.0048,2019-08-30T12:56:13.542000Z
1.1042200000000002,1.10425,2440000.0572,3250000.0,2019-08-30T12:56:13.644000Z
1.1042,1.10424,2660000.0858,5809999.9428,2019-08-30T12:56:17.394000Z
1.10419,1.10423,3000000.0,2450000.0477,2019-08-30T12:56:17.495000Z
1.10419,1.10423,1759999.9905,2559999.9428,2019-08-30T12:56:25.062000Z
1.10413,1.1041400000000001,1250000.0,1500000.0,2019-08-30T12:56:25.234000Z
1.1041100000000001,1.10413,1250000.0,1120000.0048,2019-08-30T12:56:25.336000Z
1.10409,1.1041200000000002,3450000.0477,1000000.0,2019-08-30T12:56:25.437000Z
1.10409,1.1041200000000002,2059999.9428,1620000.0048,2019-08-30T12:56:26.559000Z
1.10409,1.1041200000000002,3619999.8856,1620000.0048,2019-08-30T12:56:26.692000Z
1.1041200000000002,1.10413,1000000.0,1000000.0,2019-08-30T12:56:26.793000Z
1.1041100000000001,1.1041400000000001,1250000.0,1950000.0477,2019-08-30T12:56:26.894000Z
1.1041100000000001,1.10413,1250000.0,1500000.0,2019-08-30T12:56:26.996000Z
1.1041100000000001,1.1041400000000001,1250000.0,3450000.0477,2019-08-30T12:56:27.130000Z
1.1041,1.10413,1750000.0,1500000.0,2019-08-30T12:56:27.642000Z
1.1041,1.1041400000000001,1750000.0,1950000.0477,2019-08-30T12:56:27.792000Z
1.1041,1.10413,8500000.0,1500000.0,2019-08-30T12:56:28.312000Z
1.1041,1.1041400000000001,6250000.0,3069999.9332,2019-08-30T12:56:28.430000Z
1.1041100000000001,1.1041400000000001,1000000.0,2950000.0477,2019-08-30T12:56:29.186000Z
1.10409,1.10413,1389999.9857,1750000.0,2019-08-30T12:56:29.288000Z
1.10409,1.10413,2200000.0477,2000000.0,2019-08-30T12:56:29.440000Z
1.10409,1.10413,1309999.9428,1009999.9905,2019-08-30T12:56:29.591000Z
1.1041,1.10413,1000000.0,1250000.0,2019-08-30T12:56:29.692000Z
1.1041,1.1041200000000002,1000000.0,1000000.0,2019-08-30T12:56:29.895000Z
1.10409,1.1041200000000002,2059999.9428,1000000.0,2019-08-30T12:56:30.046000Z
1.10409,1.10413,2809999.9428,3259999.9905,2019-08-30T12:56:30.198000Z
1.10409,1.10413,1370000.0048,2569999.9332,2019-08-30T12:56:30.437000Z
1.10409,1.10413,1120000.0048,5139999.8665,2019-08-30T12:56:33.912000Z
1.10409,1.1041200000000002,1309999.9428,1500000.0,2019-08-30T12:56:34.014000Z
1.10409,1.10413,1309999.9428,3259999.9905,2019-08-30T12:56:34.115000Z
1.10409,1.1041200000000002,1389999.9857,1100000.0238,2019-08-30T12:56:34.231000Z
1.10409,1.10413,2160000.0858,4510000.2289,2019-08-30T12:56:39.835000Z
1.10408,1.10409,1500000.0,1120000.0048,2019-08-30T12:56:40.015000Z
1.10404,1.10407,1250000.0,1120000.0048,2019-08-30T12:56:40.117000Z
1.10403,1.10407,2220000.0286,2319999.9332,2019-08-30T12:56:40.218000Z
1.10403,1.10406,5159999.8474,1000000.0,2019-08-30T12:56:40.430000Z
1.10403,1.10407,2910000.0858,2509999.9905,2019-08-30T12:56:40.671000Z
1.10403,1.10406,4409999.8474,1000000.0,2019-08-30T12:56:40.859000Z
1.10403,1.10407,2160000.0858,2509999.9905,2019-08-30T12:56:41.017000Z
1.10403,1.10406,2910000.0858,1000000.0,2019-08-30T12:56:42.236000Z
1.10403,1.10407,2910000.0858,2509999.9905,2019-08-30T12:56:42.882000Z
1.10403,1.10406,2910000.0858,1000000.0,2019-08-30T12:56:44.008000Z
1.10403,1.10406,1389999.9857,2700000.0477,2019-08-30T12:56:45.313000Z
1.10403,1.10406,2160000.0858,1120000.0048,2019-08-30T12:56:45.414000Z
1.1040200000000002,1.10406,5199999.8093,1500000.0,2019-08-30T12:56:46.387000Z
1.10404,1.10407,1000000.0,6190000.0572,2019-08-30T12:56:46.489000Z
1.10404,1.10407,1000000.0,6389999.8665,2019-08-30T12:56:46.590000Z
1.10404,1.10407,1000000.0,5639999.8665,2019-08-30T12:56:48.745000Z
1.1040200000000002,1.10406,4820000.1717,2750000.0,2019-08-30T12:56:48.906000Z
1.1040200000000002,1.10406,3700000.0477,3000000.0,2019-08-30T12:56:49.744000Z
1.1040200000000002,1.10405,2950000.0477,1000000.0,2019-08-30T12:56:53.861000Z
1.1040200000000002,1.10404,1009999.9905,1250000.0,2019-08-30T12:56:54.303000Z
1.1040200000000002,1.10403,1500000.0,1690000.0572,2019-08-30T12:56:54.404000Z
1.104,1.10403,1000000.0,2440000.0572,2019-08-30T12:56:54.455000Z
1.104,1.10403,1250000.0,3000000.0,2019-08-30T12:56:54.563000Z
1.1040100000000002,1.10404,2890000.1049,1950000.0477,2019-08-30T12:56:54.665000Z
1.1040100000000002,1.10403,1759999.9905,1500000.0,2019-08-30T12:56:54.817000Z
1.1040100000000002,1.10404,1759999.9905,2250000.0,2019-08-30T12:56:54.968000Z
1.1040100000000002,1.10404,2509999.9905,3200000.0477,2019-08-30T12:56:55.070000Z
1.104,1.10404,1950000.0477,3250000.0,2019-08-30T12:56:57.512000Z
1.104,1.10404,1500000.0,3069999.9332,2019-08-30T12:56:58.165000Z
1.104,1.10404,4099999.9046,2250000.0,2019-08-30T12:56:58.267000Z
1.1040100000000002,1.10403,1389999.9857,1000000.0,2019-08-30T12:56:58.418000Z
1.1040100000000002,1.10404,1009999.9905,1000000.0,2019-08-30T12:56:58.520000Z
1.1040200000000002,1.10405,1389999.9857,1820000.0525,2019-08-30T12:56:58.685000Z
1.10403,1.10405,1000000.0,1250000.0,2019-08-30T12:56:58.787000Z
1.10403,1.10405,1000000.0,1500000.0,2019-08-30T12:56:58.888000Z
1.1040200000000002,1.10405,1009999.9905,1000000.0,2019-08-30T12:56:59.481000Z
1.1040100000000002,1.10404,2140000.1049,1500000.0,2019-08-30T12:56:59.583000Z
1.1040200000000002,1.10404,1250000.0,1000000.0,2019-08-30T12:56:59.686000Z
1.1040200000000002,1.10405,1120000.0048,2500000.0,2019-08-30T12:56:59.795000Z
1.1040200000000002,1.10406,2509999.9905,3549999.9523,2019-08-30T12:57:00.394000Z
1.1040200000000002,1.10406,2509999.9905,2319999.9332,2019-08-30T12:57:00.495000Z
1.10403,1.10406,1000000.0,3819999.9332,2019-08-30T12:57:00.596000Z
1.10403,1.10406,1000000.0,2410000.0858,2019-08-30T12:57:00.827000Z
1.10403,1.10406,1100000.0238,1250000.0,2019-08-30T12:57:01.231000Z
1.1040200000000002,1.10406,6260000.2289,1250000.0,2019-08-30T12:57:02.075000Z
1.10403,1.10406,1000000.0,1250000.0,2019-08-30T12:57:03.123000Z
1.10403,1.10405,1000000.0,1250000.0,2019-08-30T12:57:03.325000Z
1.104,1.10403,1570000.0525,1309999.9428,2019-08-30T12:57:03.465000Z
1.104,1.10403,1690000.0572,3250000.0,2019-08-30T12:57:03.566000Z
1.10399,1.104,1950000.0477,1000000.0,2019-08-30T12:57:03.778000Z
1.10398,1.10399,1570000.0525,1000000.0,2019-08-30T12:57:03.931000Z
1.1039700000000001,1.104,1200000.0477,3259999.9905,2019-08-30T12:57:03.981000Z
1.10396,1.10398,1120000.0048,1000000.0,2019-08-30T12:57:04.032000Z
1.10395,1.10398,1389999.9857,1389999.9857,2019-08-30T12:57:04.136000Z
1.10393,1.10398,3410000.0858,4789999.9619,2019-08-30T12:57:04.237000Z
1.10393,1.10396,1970000.0286,1000000.0,2019-08-30T12:57:04.540000Z
1.10393,1.10396,1200000.0477,2319999.9332,2019-08-30T12:57:04.642000Z
1.10393,1.10396,5719999.7902,1000000.0,2019-08-30T12:57:05.740000Z
1.10393,1.10396,4949999.8093,2319999.9332,2019-08-30T12:57:06.268000Z
1.10394,1.1039700000000001,3750000.0,4039999.9619,2019-08-30T12:57:09.134000Z
1.1039200000000002,1.10394,2349999.9046,1500000.0,2019-08-30T12:57:09.931000Z
1.1039,1.1039200000000002,1220000.0286,1000000.0,2019-08-30T12:57:10.032000Z
1.10389,1.1039200000000002,1970000.0286,1500000.0,2019-08-30T12:57:10.133000Z
1.10389,1.1039200000000002,1200000.0477,1570000.0525,2019-08-30T12:57:10.235000Z
1.10388,1.1039,1009999.9905,1250000.0,2019-08-30T12:57:10.953000Z
1.10388,1.1039100000000002,2289999.9619,3670000.0763,2019-08-30T12:57:16.299000Z
1.10388,1.1039100000000002,1009999.9905,3000000.0,2019-08-30T12:57:16.400000Z
1.10388,1.1039100000000002,2160000.0858,1750000.0,2019-08-30T12:57:18.206000Z
1.10388,1.1039100000000002,1389999.9857,1750000.0,2019-08-30T12:57:18.411000Z
1.10388,1.1039100000000002,2289999.9619,2549999.9523,2019-08-30T12:57:19.069000Z
1.10388,1.1039100000000002,1389999.9857,4119999.8856,2019-08-30T12:57:19.171000Z
1.1038700000000001,1.10389,1820000.0525,1000000.0,2019-08-30T12:57:23.905000Z
1.1038700000000001,1.1039,2200000.0477,1250000.0,2019-08-30T12:57:25.865000Z
1.1038700000000001,1.1039,4599999.9046,1500000.0,2019-08-30T12:57:26.611000Z
1.10388,1.1039100000000002,5949999.8093,1690000.0572,2019-08-30T12:57:30.467000Z
1.1038700000000001,1.1039,6789999.9619,1000000.0,2019-08-30T12:57:30.569000Z
1.1038700000000001,1.1039,1389999.9857,1500000.0,2019-08-30T12:57:30.670000Z
1.10386,1.10389,1570000.0525,4690000.0572,2019-08-30T12:57:31.374000Z
1.10385,1.10388,6639999.8665,1000000.0,2019-08-30T12:57:31.475000Z
1.10385,1.10388,7099999.9046,3750000.0,2019-08-30T12:57:31.526000Z
1.10384,1.10388,6449999.8093,1500000.0,2019-08-30T12:57:31.627000Z
1.10384,1.10386,5320000.1717,1000000.0,2019-08-30T12:57:31.729000Z
1.10384,1.10386,1500000.0,1000000.0,2019-08-30T12:57:36.862000Z
1.10385,1.10388,2440000.0572,5619999.8856,2019-08-30T12:57:42.403000Z
1.10386,1.10389,2910000.0858,1000000.0,2019-08-30T12:57:42.505000Z
1.10386,1.1039,2950000.0477,2619999.8856,2019-08-30T12:57:42.606000Z
1.10386,1.1039,2200000.0477,2809999.9428,2019-08-30T12:57:42.959000Z
1.10386,1.1039,1759999.9905,2059999.9428,2019-08-30T12:57:43.162000Z
1.10386,1.1039,4820000.1717,1870000.0048,2019-08-30T12:57:45.333000Z
1.1038700000000001,1.1039,2539999.9619,1120000.0048,2019-08-30T12:57:45.434000Z
1.1038700000000001,1.1039100000000002,1309999.9428,3009999.9905,2019-08-30T12:57:45.535000Z
1.1038700000000001,1.1039100000000002,3289999.9619,2940000.0572,2019-08-30T12:57:46.200000Z
1.10389,1.1039100000000002,1200000.0477,2190000.0572,2019-08-30T12:57:48.223000Z
1.10388,1.1039100000000002,1200000.0477,3750000.0,2019-08-30T12:57:48.738000Z
1.10388,1.1039100000000002,2950000.0477,3500000.0,2019-08-30T12:57:50.619000Z
1.1039,1.1039100000000002,1570000.0525,1000000.0,2019-08-30T12:57:50.721000Z
1.1039,1.1039200000000002,2720000.0286,1000000.0,2019-08-30T12:57:50.822000Z
1.10389,1.1039100000000002,1690000.0572,4869999.8856,2019-08-30T12:57:50.952000Z
1.10389,1.1039,1100000.0238,1000000.0,2019-08-30T12:57:51.054000Z
1.10388,1.1039,2140000.1049,1250000.0,2019-08-30T12:57:51.155000Z
1.10388,1.1039100000000002,1850000.0238,1750000.0,2019-08-30T12:57:56.141000Z
1.1038700000000001,1.1039100000000002,3470000.0286,1750000.0,2019-08-30T12:57:56.242000Z
1.10388,1.1039100000000002,5539999.9619,1500000.0,2019-08-30T12:57:56.932000Z
1.10388,1.1039100000000002,2319999.9332,1750000.0,2019-08-30T12:57:58.350000Z
1.10389,1.1039100000000002,1220000.0286,1309999.9428,2019-08-30T12:57:58.451000Z
1.10388,1.1039100000000002,1570000.0525,2190000.0572,2019-08-30T12:57:58.703000Z
1.10388,1.1039100000000002,1970000.0286,1750000.0,2019-08-30T12:57:59.148000Z
1.10388,1.1039100000000002,4570000.1717,1370000.0048,2019-08-30T12:57:59.301000Z
1.10389,1.1039200000000002,1100000.0238,2940000.0572,2019-08-30T12:57:59.402000Z
1.10388,1.1039200000000002,4789999.9619,2059999.9428,2019-08-30T12:58:00.312000Z
1.10388,1.1039200000000002,4599999.9046,2119999.8856,2019-08-30T12:58:00.481000Z
1.10388,1.1039200000000002,4789999.9619,2059999.9428,2019-08-30T12:58:00.637000Z
1.10388,1.1039100000000002,2319999.9332,1250000.0,2019-08-30T12:58:00.738000Z
1.10388,1.1039100000000002,2720000.0286,1309999.9428,2019-08-30T12:58:00.940000Z
1.10388,1.1039100000000002,1950000.0477,1309999.9428,2019-08-30T12:58:01.115000Z
1.10388,1.1039100000000002,2720000.0286,1309999.9428,2019-08-30T12:58:01.352000Z
1.10388,1.1039100000000002,1950000.0477,1309999.9428,2019-08-30T12:58:01.553000Z
1.10389,1.1039100000000002,1200000.0477,1750000.0,2019-08-30T12:58:01.883000Z
1.10388,1.1039100000000002,2700000.0477,1809999.9428,2019-08-30T12:58:02.981000Z
1.10389,1.1039100000000002,1200000.0477,1750000.0,2019-08-30T12:58:04.046000Z
1.10389,1.1039200000000002,1389999.9857,2700000.0477,2019-08-30T12:58:04.319000Z
1.1039200000000002,1.10393,5440000.0572,1570000.0525,2019-08-30T12:58:05.165000Z
1.10393,1.10396,1100000.0238,1909999.9666,2019-08-30T12:58:05.216000Z
1.10393,1.1039700000000001,6469999.7902,3700000.0477,2019-08-30T12:58:05.317000Z
1.10394,1.10396,1970000.0286,1690000.0572,2019-08-30T12:58:07.268000Z
1.10393,1.10396,1950000.0477,1690000.0572,2019-08-30T12:58:07.369000Z
1.10394,1.10396,1009999.9905,1000000.0,2019-08-30T12:58:09.603000Z
1.10394,1.1039700000000001,1389999.9857,1000000.0,2019-08-30T12:58:09.755000Z
1.10395,1.1039700000000001,1220000.0286,1000000.0,2019-08-30T12:58:10.365000Z
1.10394,1.1039700000000001,3039999.9619,1000000.0,2019-08-30T12:58:10.467000Z
1.10395,1.10398,1389999.9857,2619999.8856,2019-08-30T12:58:12.349000Z
1.10396,1.10399,2539999.9619,1500000.0,2019-08-30T12:58:12.501000Z
1.10396,1.104,3410000.0858,3190000.0572,2019-08-30T12:58:12.602000Z
1.1039700000000001,1.104,1220000.0286,3940000.0572,2019-08-30T12:58:12.703000Z
1.10396,1.104,3410000.0858,3190000.0572,2019-08-30T12:58:12.817000Z
1.1039700000000001,1.104,2160000.0858,1870000.0048,2019-08-30T12:58:15.282000Z
1.10398,1.1040200000000002,2160000.0858,4059999.9428,2019-08-30T12:58:15.562000Z
1.10398,1.1040100000000002,1950000.0477,1309999.9428,2019-08-30T12:58:15.664000Z
1.10399,1.1040100000000002,1220000.0286,1309999.9428,2019-08-30T12:58:15.905000Z
1.10398,1.1040100000000002,1200000.0477,3069999.9332,2019-08-30T12:58:15.956000Z
1.10398,1.1040200000000002,1389999.9857,9199999.8093,2019-08-30T12:58:16.535000Z
1.10398,1.1040100000000002,2160000.0858,1509999.9905,2019-08-30T12:58:16.636000Z
1.10398,1.1040100000000002,1200000.0477,1700000.0477,2019-08-30T12:58:17.208000Z
1.10398,1.1040100000000002,1970000.0286,1700000.0477,2019-08-30T12:58:17.571000Z
1.10398,1.1040100000000002,1200000.0477,1250000.0,2019-08-30T12:58:17.673000Z
1.10398,1.104,1970000.0286,1120000.0048,2019-08-30T12:58:19.131000Z
1.10398,1.104,1200000.0477,1120000.0048,2019-08-30T12:58:19.233000Z
1.10398,1.104,1450000.0477,1570000.0525,2019-08-30T12:58:19.842000Z
1.10398,1.104,1200000.0477,1570000.0525,2019-08-30T12:58:20.079000Z
1.10398,1.104,1970000.0286,1570000.0525,2019-08-30T12:58:20.181000Z
1.10398,1.104,1200000.0477,1120000.0048,2019-08-30T12:58:20.282000Z
1.10398,1.104,1350000.0238,1120000.0048,2019-08-30T12:58:20.415000Z
1.10398,1.104,1389999.9857,1309999.9428,2019-08-30T12:58:20.895000Z
1.10399,1.1040100000000002,1220000.0286,2809999.9428,2019-08-30T12:58:22.113000Z
1.10398,1.104,2099999.9046,1120000.0048,2019-08-30T12:58:22.310000Z
1.10398,1.104,1100000.0238,1120000.0048,2019-08-30T12:58:22.564000Z
1.10394,1.10395,1200000.0477,3000000.0,2019-08-30T12:58:23.892000Z
1.1039200000000002,1.10395,2470000.0286,1309999.9428,2019-08-30T12:58:23.994000Z
1.1039200000000002,1.10395,1759999.9905,1120000.0048,2019-08-30T12:58:24.095000Z
1.10393,1.10395,1100000.0238,1000000.0,2019-08-30T12:58:24.208000Z
1.1039200000000002,1.10396,5659999.8474,1250000.0,2019-08-30T12:58:25.798000Z
1.10395,1.1039700000000001,2809999.9428,1000000.0,2019-08-30T12:58:27.992000Z
1.10395,1.10396,1200000.0477,1000000.0,2019-08-30T12:58:28.295000Z
1.10394,1.10396,1100000.0238,1120000.0048,2019-08-30T12:58:30.893000Z
1.10394,1.10396,1970000.0286,1000000.0,2019-08-30T12:58:35.771000Z
1.10394,1.1039700000000001,1970000.0286,1309999.9428,2019-08-30T12:58:35.873000Z
1.10393,1.10395,1389999.9857,1000000.0,2019-08-30T12:58:36.464000Z
1.10389,1.1039100000000002,7039999.9619,1000000.0,2019-08-30T12:58:36.566000Z
1.10389,1.1039100000000002,1200000.0477,1000000.0,2019-08-30T12:58:36.667000Z
1.10389,1.1039100000000002,1970000.0286,1000000.0,2019-08-30T12:58:38.312000Z
1.10389,1.1039100000000002,1100000.0238,1500000.0,2019-08-30T12:58:39.106000Z
1.10388,1.10389,1200000.0477,1000000.0,2019-08-30T12:58:39.404000Z
1.1038700000000001,1.10389,1100000.0238,1000000.0,2019-08-30T12:58:39.552000Z
1.1038700000000001,1.10389,2099999.9046,1000000.0,2019-08-30T12:58:39.653000Z
1.1038700000000001,1.10389,1100000.0238,1000000.0,2019-08-30T12:58:39.754000Z
1.1038700000000001,1.10389,1970000.0286,1000000.0,2019-08-30T12:58:40.343000Z
1.1038700000000001,1.10389,1100000.0238,1000000.0,2019-08-30T12:58:40.444000Z
1.1038700000000001,1.1039,1100000.0238,2059999.9428,2019-08-30T12:58:40.823000Z
1.1038700000000001,1.10389,1100000.0238,1000000.0,2019-08-30T12:58:42.322000Z
1.1038700000000001,1.1039,1100000.0238,3559999.9428,2019-08-30T12:58:42.423000Z
1.10386,1.10389,2289999.9619,1000000.0,2019-08-30T12:58:43.410000Z
1.10386,1.10388,2160000.0858,1120000.0048,2019-08-30T12:58:43.624000Z
1.10385,1.10388,1500000.0,4119999.8856,2019-08-30T12:58:43.725000Z
1.10384,1.1038700000000001,1570000.0525,2250000.0,2019-08-30T12:58:43.826000Z
1.10384,1.10386,1000000.0,1500000.0,2019-08-30T12:58:43.928000Z
1.10384,1.10386,1100000.0238,3190000.0572,2019-08-30T12:58:45.071000Z
1.10382,1.10385,1759999.9905,1299999.9523,2019-08-30T12:58:45.173000Z
1.10382,1.10386,1950000.0477,3250000.0,2019-08-30T12:58:45.274000Z
1.10382,1.10386,2910000.0858,2250000.0,2019-08-30T12:58:45.535000Z
1.10382,1.10386,2140000.1049,2250000.0,2019-08-30T12:58:45.660000Z
1.10382,1.10386,2910000.0858,3940000.0572,2019-08-30T12:58:45.912000Z
1.10382,1.10386,2140000.1049,4309999.9428,2019-08-30T12:58:46.090000Z
1.10383,1.10386,1220000.0286,2869999.8856,2019-08-30T12:58:46.191000Z
1.10383,1.10386,1100000.0238,2869999.8856,2019-08-30T12:58:46.293000Z
1.10382,1.10386,4909999.8474,2059999.9428,2019-08-30T12:58:46.395000Z
1.10383,1.10386,1720000.0286,2059999.9428,2019-08-30T12:58:47.108000Z
1.10383,1.10386,1100000.0238,1309999.9428,2019-08-30T12:58:48.932000Z
1.10383,1.10386,1600000.0238,1309999.9428,2019-08-30T12:58:49.034000Z
1.10383,1.10386,1100000.0238,1309999.9428,2019-08-30T12:58:49.135000Z
1.10383,1.10386,1600000.0238,1309999.9428,2019-08-30T12:58:49.289000Z
1.10383,1.10385,1600000.0238,1000000.0,2019-08-30T12:58:50.900000Z
1.10384,1.10386,1220000.0286,1309999.9428,2019-08-30T12:58:51.766000Z
1.10383,1.10385,1720000.0286,1000000.0,2019-08-30T12:58:51.918000Z
1.10383,1.10385,1100000.0238,1000000.0,2019-08-30T12:58:52.107000Z
1.10383,1.10385,1600000.0238,1000000.0,2019-08-30T12:58:52.490000Z
1.10383,1.10385,1100000.0238,1000000.0,2019-08-30T12:58:52.703000Z
1.10383,1.1038700000000001,1600000.0238,2619999.8856,2019-08-30T12:58:53.144000Z
1.10386,1.10388,1000000.0,2059999.9428,2019-08-30T12:58:55.663000Z
1.10385,1.10389,4909999.8474,1690000.0572,2019-08-30T12:58:55.877000Z
1.10386,1.10388,1200000.0477,1000000.0,2019-08-30T12:58:55.978000Z
1.10386,1.10389,1100000.0238,2809999.9428,2019-08-30T12:58:56.080000Z
1.10386,1.10388,1950000.0477,1000000.0,2019-08-30T12:58:56.651000Z
1.10386,1.10389,1950000.0477,2809999.9428,2019-08-30T12:58:56.752000Z
1.10386,1.10388,1570000.0525,1000000.0,2019-08-30T12:58:56.853000Z
1.10386,1.10389,1100000.0238,2440000.0572,2019-08-30T12:58:57.042000Z
1.10386,1.10388,1570000.0525,1000000.0,2019-08-30T12:58:58.730000Z
1.10386,1.10389,1570000.0525,2809999.9428,2019-08-30T12:58:58.974000Z
1.10386,1.10389,2720000.0286,2809999.9428,2019-08-30T12:58:59.076000Z
1.10386,1.10388,2720000.0286,1000000.0,2019-08-30T12:58:59.177000Z
1.10386,1.10389,2259999.9905,1120000.0048,2019-08-30T12:58:59.279000Z
1.1038700000000001,1.10389,2539999.9619,1000000.0,2019-08-30T12:59:00.206000Z
1.1038700000000001,1.10389,1759999.9905,1000000.0,2019-08-30T12:59:00.308000Z
1.1038700000000001,1.10389,2160000.0858,1000000.0,2019-08-30T12:59:00.409000Z
1.1038700000000001,1.10389,2140000.1049,1000000.0,2019-08-30T12:59:01.258000Z
1.10388,1.10389,1200000.0477,1000000.0,2019-08-30T12:59:01.410000Z
1.1038700000000001,1.10389,2140000.1049,1000000.0,2019-08-30T12:59:01.461000Z
1.1038700000000001,1.1039,1250000.0,2250000.0,2019-08-30T12:59:05.408000Z
1.10386,1.10389,1100000.0238,2740000.0095,2019-08-30T12:59:05.509000Z
1.10385,1.10389,2140000.1049,2059999.9428,2019-08-30T12:59:05.918000Z
1.10385,1.10389,2910000.0858,2440000.0572,2019-08-30T12:59:06.019000Z
1.10385,1.10389,2140000.1049,2440000.0572,2019-08-30T12:59:06.120000Z
1.10385,1.10389,3660000.0858,2440000.0572,2019-08-30T12:59:06.221000Z
1.10385,1.10389,2890000.1049,4309999.9428,2019-08-30T12:59:06.322000Z
1.10385,1.10389,2910000.0858,2440000.0572,2019-08-30T12:59:06.423000Z
1.10385,1.10389,2140000.1049,3559999.9428,2019-08-30T12:59:06.524000Z
1.10385,1.10389,2910000.0858,2809999.9428,2019-08-30T12:59:06.626000Z
1.10385,1.10389,2140000.1049,5440000.0572,2019-08-30T12:59:07.525000Z
1.10385,1.10389,2910000.0858,5440000.0572,2019-08-30T12:59:07.782000Z
1.10385,1.10389,2140000.1049,3559999.9428,2019-08-30T12:59:07.884000Z
1.10386,1.10389,1220000.0286,9560000.4196,2019-08-30T12:59:07.985000Z
1.10385,1.10388,2890000.1049,1000000.0,2019-08-30T12:59:08.087000Z
1.10385,1.10389,2910000.0858,1309999.9428,2019-08-30T12:59:08.241000Z
1.10385,1.10389,2140000.1049,2059999.9428,2019-08-30T12:59:08.343000Z
1.10385,1.10388,2140000.1049,1000000.0,2019-08-30T12:59:08.494000Z
1.10385,1.10389,2140000.1049,2440000.0572,2019-08-30T12:59:08.696000Z
1.10385,1.10389,2910000.0858,2809999.9428,2019-08-30T12:59:08.899000Z
1.10385,1.10389,2140000.1049,2440000.0572,2019-08-30T12:59:09.050000Z
1.10385,1.1038700000000001,1389999.9857,1000000.0,2019-08-30T12:59:09.770000Z
1.10384,1.10386,4690000.0572,1500000.0,2019-08-30T12:59:12.255000Z
1.10383,1.10386,1690000.0572,1570000.0525,2019-08-30T12:59:12.476000Z
1.10383,1.10386,1250000.0,1970000.0286,2019-08-30T12:59:12.980000Z
1.10382,1.10386,2869999.8856,1950000.0477,2019-08-30T12:59:13.081000Z
