bid,ask,bid_vol,ask_vol,time
1.14436,1.1444100000000001,3000000.0,1250000.0,2018-12-28T13:45:01.671000Z
1.14437,1.1444100000000001,2250000.0,1000000.0,2018-12-28T13:45:01.826000Z
1.14437,1.1444200000000002,1500000.0,3750000.0,2018-12-28T13:45:02.364000Z
1.14437,1.1444200000000002,1500000.0,3809999.9428,2018-12-28T13:45:02.551000Z
1.14437,1.1444,1000000.0,1690000.0572,2018-12-28T13:45:02.668000Z
1.14438,1.1444200000000002,1000000.0,6219999.7902,2018-12-28T13:45:04.168000Z
1.14437,1.1444200000000002,3599999.9046,3599999.9046,2018-12-28T13:45:04.270000Z
1.14437,1.1444200000000002,2319999.9332,4860000.1335,2018-12-28T13:45:04.678000Z
1.14438,1.1444100000000001,1000000.0,1000000.0,2018-12-28T13:45:04.946000Z
1.14438,1.1444200000000002,1500000.0,1120000.0048,2018-12-28T13:45:05.049000Z
1.14439,1.14443,1250000.0,2750000.0,2018-12-28T13:45:05.152000Z
1.14438,1.14443,6000000.0,3500000.0,2018-12-28T13:45:05.255000Z
1.14439,1.14443,1000000.0,4250000.0,2018-12-28T13:45:05.680000Z
1.14438,1.14443,5250000.0,3500000.0,2018-12-28T13:45:05.782000Z
1.14439,1.14443,1000000.0,4809999.9428,2018-12-28T13:45:05.936000Z
1.14438,1.14443,4389999.8665,3119999.8856,2018-12-28T13:45:06.166000Z
1.14438,1.1444,2440000.0572,1000000.0,2018-12-28T13:45:06.568000Z
1.14435,1.14438,1000000.0,1120000.0048,2018-12-28T13:45:06.670000Z
1.14434,1.14438,1000000.0,1690000.0572,2018-12-28T13:45:06.773000Z
1.14433,1.14438,2509999.9905,1309999.9428,2018-12-28T13:45:06.977000Z
1.14433,1.14437,5440000.0572,1000000.0,2018-12-28T13:45:07.352000Z
1.14433,1.14438,3190000.0572,1690000.0572,2018-12-28T13:45:07.505000Z
1.14433,1.14437,5440000.0572,1000000.0,2018-12-28T13:45:07.615000Z
1.1443100000000002,1.14433,1000000.0,1000000.0,2018-12-28T13:45:07.666000Z
1.1443,1.14434,1000000.0,2809999.9428,2018-12-28T13:45:07.769000Z
1.1443,1.14434,3309999.9428,1120000.0048,2018-12-28T13:45:07.922000Z
1.14433,1.14435,1000000.0,1500000.0,2018-12-28T13:45:08.039000Z
1.14428,1.14429,1000000.0,1870000.0048,2018-12-28T13:45:08.143000Z
1.14426,1.1443,1000000.0,3869999.8856,2018-12-28T13:45:08.245000Z
1.14425,1.1443,6150000.0954,4809999.9428,2018-12-28T13:45:08.347000Z
1.14426,1.14429,3000000.0,4690000.0572,2018-12-28T13:45:08.501000Z
1.14424,1.14429,5320000.1717,1250000.0,2018-12-28T13:45:08.552000Z
1.14425,1.14429,1000000.0,2809999.9428,2018-12-28T13:45:08.654000Z
1.14424,1.14429,2250000.0,3190000.0572,2018-12-28T13:45:08.757000Z
1.14425,1.14429,1000000.0,10390000.3433,2018-12-28T13:45:08.859000Z
1.14424,1.14429,2319999.9332,5139999.8665,2018-12-28T13:45:08.960000Z
1.14424,1.14428,1000000.0,2000000.0,2018-12-28T13:45:09.410000Z
1.14423,1.14428,3599999.9046,2559999.9428,2018-12-28T13:45:09.512000Z
1.14423,1.1442700000000001,1970000.0286,1870000.0048,2018-12-28T13:45:09.661000Z
1.1442200000000002,1.1442700000000001,5360000.1335,1870000.0048,2018-12-28T13:45:09.763000Z
1.14423,1.1442700000000001,1200000.0477,2250000.0,2018-12-28T13:45:09.865000Z
1.14424,1.1442700000000001,1000000.0,1120000.0048,2018-12-28T13:45:10.380000Z
1.14423,1.1442700000000001,1000000.0,3190000.0572,2018-12-28T13:45:10.483000Z
1.1442200000000002,1.1442700000000001,6110000.1335,1870000.0048,2018-12-28T13:45:10.585000Z
1.14423,1.1442700000000001,1500000.0,2619999.8856,2018-12-28T13:45:10.891000Z
1.14423,1.1442700000000001,1870000.0048,2000000.0,2018-12-28T13:45:12.039000Z
1.14424,1.1442700000000001,1000000.0,1620000.0048,2018-12-28T13:45:12.582000Z
1.14423,1.1442700000000001,5289999.9619,1500000.0,2018-12-28T13:45:12.685000Z
1.14424,1.1442700000000001,1000000.0,1500000.0,2018-12-28T13:45:12.788000Z
1.14424,1.1442700000000001,2250000.0,1000000.0,2018-12-28T13:45:13.217000Z
1.14423,1.1442700000000001,4539999.9619,1000000.0,2018-12-28T13:45:13.815000Z
1.14424,1.1442700000000001,1000000.0,1000000.0,2018-12-28T13:45:14.093000Z
1.14423,1.1442700000000001,4539999.9619,1000000.0,2018-12-28T13:45:14.535000Z
1.14424,1.1442700000000001,1000000.0,1000000.0,2018-12-28T13:45:15.122000Z
1.14423,1.1442700000000001,3859999.8951,1000000.0,2018-12-28T13:45:15.454000Z
1.14424,1.1442700000000001,1000000.0,1120000.0048,2018-12-28T13:45:15.660000Z
1.14425,1.14428,1000000.0,2250000.0,2018-12-28T13:45:16.116000Z
1.14424,1.14428,4199999.8093,1500000.0,2018-12-28T13:45:16.984000Z
1.14425,1.14428,2250000.0,2250000.0,2018-12-28T13:45:17.717000Z
1.14424,1.14428,3750000.0,2059999.9428,2018-12-28T13:45:18.125000Z
1.14424,1.14428,3750000.0,2869999.8856,2018-12-28T13:45:18.254000Z
1.14424,1.14428,3750000.0,1120000.0048,2018-12-28T13:45:18.389000Z
1.14425,1.1443,6039999.9619,3819999.9332,2018-12-28T13:45:18.798000Z
1.14426,1.1443,1870000.0048,1120000.0048,2018-12-28T13:45:18.901000Z
1.14426,1.1443,3369999.8856,1120000.0048,2018-12-28T13:45:19.132000Z
1.14426,1.1443,5500000.0,1870000.0048,2018-12-28T13:45:19.234000Z
1.14426,1.1443,3369999.8856,1120000.0048,2018-12-28T13:45:19.336000Z
1.1442700000000001,1.1443100000000002,7909999.8474,1500000.0,2018-12-28T13:45:19.439000Z
1.1442700000000001,1.1443200000000002,13340000.1526,1200000.0477,2018-12-28T13:45:19.545000Z
1.1442700000000001,1.14433,12600000.3815,3259999.9905,2018-12-28T13:45:19.648000Z
1.1442700000000001,1.1443200000000002,11359999.6567,1000000.0,2018-12-28T13:45:19.750000Z
1.1442700000000001,1.14433,12039999.9619,1759999.9905,2018-12-28T13:45:19.852000Z
1.14428,1.14433,3039999.9619,3119999.8856,2018-12-28T13:45:19.954000Z
1.14428,1.14433,9479999.5422,1000000.0,2018-12-28T13:45:21.190000Z
1.14428,1.14433,3970000.0286,1309999.9428,2018-12-28T13:45:23.092000Z
1.14428,1.14433,3109999.8951,2119999.8856,2018-12-28T13:45:23.194000Z
1.14428,1.14433,4989999.7711,1000000.0,2018-12-28T13:45:23.835000Z
1.14429,1.14434,5559999.9428,3000000.0,2018-12-28T13:45:23.938000Z
1.1443100000000002,1.14435,3750000.0,2250000.0,2018-12-28T13:45:24.043000Z
1.1443100000000002,1.14436,1950000.0477,3450000.0477,2018-12-28T13:45:24.545000Z
1.1443100000000002,1.14435,2700000.0477,1000000.0,2018-12-28T13:45:24.654000Z
1.1443100000000002,1.14436,1570000.0525,2700000.0477,2018-12-28T13:45:24.756000Z
1.1443100000000002,1.14437,5469999.7902,13010000.2289,2018-12-28T13:45:24.983000Z
1.1443100000000002,1.14435,4420000.0763,1000000.0,2018-12-28T13:45:25.086000Z
1.1443100000000002,1.14436,2700000.0477,1200000.0477,2018-12-28T13:45:25.352000Z
1.1443,1.14433,2289999.9619,1000000.0,2018-12-28T13:45:25.455000Z
1.1443,1.14434,1000000.0,4500000.0,2018-12-28T13:45:25.814000Z
1.1443,1.14434,1500000.0,6440000.0572,2018-12-28T13:45:26.735000Z
1.1443200000000002,1.14435,5659999.8474,2700000.0477,2018-12-28T13:45:27.041000Z
1.1443200000000002,1.14436,2849999.9046,3250000.0,2018-12-28T13:45:27.144000Z
1.1443100000000002,1.14435,1000000.0,1690000.0572,2018-12-28T13:45:27.247000Z
1.1443,1.14435,9789999.9619,1250000.0,2018-12-28T13:45:27.370000Z
1.1443100000000002,1.14435,1250000.0,1120000.0048,2018-12-28T13:45:27.573000Z
1.1443,1.14435,6789999.9619,1250000.0,2018-12-28T13:45:27.831000Z
1.1443100000000002,1.14435,1250000.0,1120000.0048,2018-12-28T13:45:27.937000Z
1.1443,1.14436,6789999.9619,4760000.2289,2018-12-28T13:45:28.038000Z
1.1443,1.14436,10739999.7711,4309999.9428,2018-12-28T13:45:29.098000Z
1.1443100000000002,1.14436,5110000.1335,1500000.0,2018-12-28T13:45:29.201000Z
1.1443200000000002,1.14435,1350000.0238,1000000.0,2018-12-28T13:45:29.304000Z
1.1443100000000002,1.14436,9930000.3052,1120000.0048,2018-12-28T13:45:29.459000Z
1.1443100000000002,1.14436,7610000.1335,1120000.0048,2018-12-28T13:45:29.570000Z
1.1443200000000002,1.14435,1000000.0,1000000.0,2018-12-28T13:45:29.725000Z
1.1443100000000002,1.14436,8800000.1907,1120000.0048,2018-12-28T13:45:29.905000Z
1.14433,1.14437,1000000.0,4889999.8665,2018-12-28T13:45:30.105000Z
1.14435,1.14439,4750000.0,7300000.1907,2018-12-28T13:45:31.682000Z
1.14437,1.1444100000000001,1120000.0048,5320000.1717,2018-12-28T13:45:31.786000Z
1.14437,1.14443,4349999.9046,4820000.1717,2018-12-28T13:45:31.889000Z
1.14436,1.1444,9079999.9237,1000000.0,2018-12-28T13:45:31.992000Z
1.14435,1.14439,4789999.9619,1000000.0,2018-12-28T13:45:32.097000Z
1.14435,1.1444,2539999.9619,2619999.8856,2018-12-28T13:45:32.200000Z
1.14436,1.1444100000000001,2059999.9428,3819999.9332,2018-12-28T13:45:32.302000Z
1.14438,1.1444200000000002,1000000.0,1500000.0,2018-12-28T13:45:32.450000Z
1.14437,1.1444100000000001,5289999.9619,1000000.0,2018-12-28T13:45:32.654000Z
1.14438,1.1444200000000002,1120000.0048,1500000.0,2018-12-28T13:45:32.756000Z
1.14438,1.14443,1000000.0,5070000.1717,2018-12-28T13:45:32.909000Z
1.14438,1.1444200000000002,1000000.0,3750000.0,2018-12-28T13:45:33.989000Z
1.14437,1.1444100000000001,1870000.0048,1620000.0048,2018-12-28T13:45:34.091000Z
1.14437,1.1444100000000001,1690000.0572,1120000.0048,2018-12-28T13:45:34.194000Z
1.14437,1.1444200000000002,1250000.0,6119999.8856,2018-12-28T13:45:34.830000Z
1.14437,1.1444100000000001,1690000.0572,1870000.0048,2018-12-28T13:45:35.010000Z
1.14437,1.1444100000000001,1690000.0572,1500000.0,2018-12-28T13:45:35.113000Z
1.14437,1.1444200000000002,1690000.0572,5000000.0,2018-12-28T13:45:35.278000Z
1.14436,1.1444100000000001,4119999.8856,3000000.0,2018-12-28T13:45:35.575000Z
1.14436,1.1444,3940000.0572,1250000.0,2018-12-28T13:45:35.677000Z
1.14436,1.1444100000000001,3000000.0,4119999.8856,2018-12-28T13:45:36.875000Z
1.14436,1.1444,4500000.0,1000000.0,2018-12-28T13:45:37.064000Z
1.14434,1.14437,3599999.9046,1690000.0572,2018-12-28T13:45:38.178000Z
1.1443200000000002,1.14435,1120000.0048,3559999.9428,2018-12-28T13:45:38.281000Z
1.14433,1.14436,1250000.0,5750000.0,2018-12-28T13:45:38.383000Z
1.14433,1.14436,1690000.0572,4869999.8856,2018-12-28T13:45:38.538000Z
1.1443200000000002,1.14435,3250000.0,3750000.0,2018-12-28T13:45:39.094000Z
1.14434,1.14436,1309999.9428,3750000.0,2018-12-28T13:45:40.095000Z
1.14433,1.14436,1250000.0,1870000.0048,2018-12-28T13:45:40.198000Z
1.1443200000000002,1.14436,4570000.1717,1250000.0,2018-12-28T13:45:40.351000Z
1.1443200000000002,1.14436,4449999.8093,1000000.0,2018-12-28T13:45:40.728000Z
1.1443200000000002,1.14435,4820000.1717,3750000.0,2018-12-28T13:45:41.797000Z
1.14436,1.14439,4599999.9046,1200000.0477,2018-12-28T13:45:43.094000Z
1.14437,1.1444,3190000.0572,1000000.0,2018-12-28T13:45:43.238000Z
1.14438,1.1444,1000000.0,1870000.0048,2018-12-28T13:45:43.674000Z
1.14437,1.1444,1690000.0572,1000000.0,2018-12-28T13:45:43.831000Z
1.14437,1.14439,1120000.0048,1000000.0,2018-12-28T13:45:44.539000Z
1.14436,1.14439,1950000.0477,1000000.0,2018-12-28T13:45:44.802000Z
1.14437,1.1444,4119999.8856,1120000.0048,2018-12-28T13:45:44.955000Z
1.14438,1.1444100000000001,1250000.0,3750000.0,2018-12-28T13:45:45.058000Z
1.14439,1.1444100000000001,1000000.0,3750000.0,2018-12-28T13:45:45.160000Z
1.14438,1.1444100000000001,1690000.0572,3750000.0,2018-12-28T13:45:45.987000Z
1.14439,1.1444100000000001,1000000.0,1000000.0,2018-12-28T13:45:47.107000Z
1.14443,1.14446,4719999.7902,1000000.0,2018-12-28T13:45:47.211000Z
1.14443,1.1444400000000001,1000000.0,1500000.0,2018-12-28T13:45:47.263000Z
1.1444,1.14443,3000000.0,1000000.0,2018-12-28T13:45:47.391000Z
1.14439,1.14443,3559999.9428,1000000.0,2018-12-28T13:45:47.494000Z
1.1444,1.14443,1500000.0,1500000.0,2018-12-28T13:45:47.748000Z
1.14439,1.14443,1690000.0572,1000000.0,2018-12-28T13:45:47.900000Z
1.14439,1.1444400000000001,1690000.0572,2619999.8856,2018-12-28T13:45:48.003000Z
1.1444,1.1444400000000001,1000000.0,4119999.8856,2018-12-28T13:45:48.438000Z
1.14439,1.1444400000000001,3940000.0572,1500000.0,2018-12-28T13:45:49.085000Z
1.1444,1.1444400000000001,1500000.0,1500000.0,2018-12-28T13:45:49.255000Z
1.1444200000000002,1.14447,1870000.0048,3599999.9046,2018-12-28T13:45:49.307000Z
1.1444200000000002,1.14447,1200000.0477,2700000.0477,2018-12-28T13:45:49.409000Z
1.1444200000000002,1.14447,3799999.9523,1500000.0,2018-12-28T13:45:49.512000Z
1.1444200000000002,1.14447,1500000.0,1870000.0048,2018-12-28T13:45:49.614000Z
1.1444200000000002,1.14446,1000000.0,1100000.0238,2018-12-28T13:45:49.767000Z
1.1444200000000002,1.14447,1000000.0,3640000.1049,2018-12-28T13:45:50.124000Z
1.14443,1.14447,1690000.0572,3559999.9428,2018-12-28T13:45:50.227000Z
1.14443,1.14447,1250000.0,1750000.0,2018-12-28T13:45:50.482000Z
1.14443,1.14447,1389999.9857,1690000.0572,2018-12-28T13:45:50.592000Z
1.14443,1.14448,1759999.9905,3259999.9905,2018-12-28T13:45:52.310000Z
1.14443,1.14447,2509999.9905,1000000.0,2018-12-28T13:45:52.412000Z
1.14443,1.14448,1759999.9905,4760000.2289,2018-12-28T13:45:53.009000Z
1.14443,1.14447,2509999.9905,1000000.0,2018-12-28T13:45:53.342000Z
1.14443,1.14448,1009999.9905,4010000.2289,2018-12-28T13:45:53.588000Z
1.14443,1.14447,2509999.9905,1000000.0,2018-12-28T13:45:53.697000Z
1.14443,1.14446,2440000.0572,1000000.0,2018-12-28T13:45:54.328000Z
1.14439,1.1444400000000001,1309999.9428,1120000.0048,2018-12-28T13:45:54.466000Z
1.1444100000000001,1.14445,1000000.0,6639999.8665,2018-12-28T13:45:54.518000Z
1.1444100000000001,1.14445,1000000.0,9199999.8093,2018-12-28T13:45:55.119000Z
1.14439,1.1444400000000001,2099999.9046,3309999.9428,2018-12-28T13:45:55.221000Z
1.14439,1.1444400000000001,1500000.0,2559999.9428,2018-12-28T13:45:55.324000Z
1.1444,1.1444400000000001,1000000.0,3690000.0572,2018-12-28T13:45:55.731000Z
1.14439,1.14443,1570000.0525,1120000.0048,2018-12-28T13:45:57.136000Z
1.1444,1.14443,1000000.0,1000000.0,2018-12-28T13:45:57.439000Z
1.14439,1.14443,3069999.9332,1000000.0,2018-12-28T13:45:58.304000Z
1.1444100000000001,1.14445,3220000.0286,1500000.0,2018-12-28T13:45:58.865000Z
1.1444200000000002,1.14447,5489999.7711,1309999.9428,2018-12-28T13:45:58.967000Z
1.1444200000000002,1.14447,7800000.1907,1120000.0048,2018-12-28T13:45:59.086000Z
1.1444200000000002,1.14447,8569999.6948,1120000.0048,2018-12-28T13:45:59.188000Z
1.1444200000000002,1.14446,7949999.8093,1000000.0,2018-12-28T13:45:59.494000Z
1.14443,1.14447,1350000.0238,2250000.0,2018-12-28T13:46:01.133000Z
1.14443,1.14447,2750000.0,1000000.0,2018-12-28T13:46:01.398000Z
1.14443,1.14448,2369999.8856,4869999.8856,2018-12-28T13:46:02.056000Z
1.14443,1.14448,1049999.9523,4500000.0,2018-12-28T13:46:03.984000Z
1.1444200000000002,1.14448,8939999.5804,5369999.8856,2018-12-28T13:46:04.087000Z
1.14443,1.14447,1419999.9571,1809999.9428,2018-12-28T13:46:04.912000Z
1.14443,1.14447,1049999.9523,1000000.0,2018-12-28T13:46:06.250000Z
1.14443,1.14448,1799999.9523,5699999.8093,2018-12-28T13:46:06.454000Z
1.14443,1.14447,5170000.0763,1000000.0,2018-12-28T13:46:07.445000Z
1.14443,1.14448,4050000.1907,1500000.0,2018-12-28T13:46:07.547000Z
1.1444400000000001,1.14448,1100000.0238,3369999.8856,2018-12-28T13:46:08.736000Z
1.14443,1.14448,6110000.1335,2809999.9428,2018-12-28T13:46:09.954000Z
1.1444400000000001,1.14448,1500000.0,4309999.9428,2018-12-28T13:46:10.492000Z
1.1444400000000001,1.14448,1000000.0,2369999.8856,2018-12-28T13:46:11.294000Z
1.14443,1.14448,3609999.8951,1500000.0,2018-12-28T13:46:11.396000Z
1.14443,1.14448,2099999.9046,2059999.9428,2018-12-28T13:46:11.581000Z
1.1444400000000001,1.14448,1000000.0,2059999.9428,2018-12-28T13:46:11.982000Z
1.1444400000000001,1.14448,2640000.1049,1870000.0048,2018-12-28T13:46:12.084000Z
1.1444400000000001,1.14448,1250000.0,1500000.0,2018-12-28T13:46:12.186000Z
1.1444400000000001,1.14447,2059999.9428,1000000.0,2018-12-28T13:46:12.556000Z
1.14446,1.14449,5619999.8856,1000000.0,2018-12-28T13:46:13.504000Z
1.14445,1.14449,2819999.9332,1870000.0048,2018-12-28T13:46:13.635000Z
1.14443,1.14446,2539999.9619,5000000.0,2018-12-28T13:46:14.836000Z
1.14439,1.14443,2450000.0477,1120000.0048,2018-12-28T13:46:14.938000Z
1.14439,1.1444400000000001,1870000.0048,10140000.3433,2018-12-28T13:46:15.040000Z
1.14439,1.1444400000000001,1870000.0048,5699999.8093,2018-12-28T13:46:15.353000Z
1.14439,1.1444400000000001,1000000.0,6820000.1717,2018-12-28T13:46:15.506000Z
1.14438,1.1444400000000001,7659999.8474,4199999.8093,2018-12-28T13:46:15.626000Z
1.14438,1.14443,9029999.733,1000000.0,2018-12-28T13:46:15.821000Z
1.14438,1.1444400000000001,7159999.8474,3450000.0477,2018-12-28T13:46:15.923000Z
1.14438,1.1444400000000001,8909999.8474,4199999.8093,2018-12-28T13:46:16.228000Z
1.14439,1.14443,1870000.0048,1000000.0,2018-12-28T13:46:16.585000Z
1.14439,1.1444400000000001,2119999.8856,4869999.8856,2018-12-28T13:46:16.687000Z
1.14438,1.1444400000000001,11699999.8093,2890000.1049,2018-12-28T13:46:17.262000Z
1.14439,1.1444400000000001,1000000.0,2720000.0286,2018-12-28T13:46:17.466000Z
1.14438,1.1444400000000001,9489999.7711,2250000.0,2018-12-28T13:46:17.581000Z
1.1444100000000001,1.14445,4360000.1335,2700000.0477,2018-12-28T13:46:17.735000Z
1.1444200000000002,1.14447,2470000.0286,5440000.0572,2018-12-28T13:46:17.838000Z
1.1444200000000002,1.14447,5300000.1907,4869999.8856,2018-12-28T13:46:18.042000Z
1.14443,1.14446,1000000.0,1000000.0,2018-12-28T13:46:19.066000Z
1.1444100000000001,1.14445,3450000.0477,1870000.0048,2018-12-28T13:46:19.168000Z
1.1444,1.14445,6070000.1717,7010000.2289,2018-12-28T13:46:19.322000Z
1.1444100000000001,1.14445,1000000.0,4059999.9428,2018-12-28T13:46:19.475000Z
1.1444100000000001,1.14445,1000000.0,7309999.9428,2018-12-28T13:46:19.577000Z
1.1444,1.14445,3369999.8856,5059999.9428,2018-12-28T13:46:19.726000Z
1.1444,1.1444400000000001,3369999.8856,1000000.0,2018-12-28T13:46:19.829000Z
1.1444,1.14445,4219999.7902,3559999.9428,2018-12-28T13:46:20.423000Z
1.1444200000000002,1.14447,1600000.0238,10140000.3433,2018-12-28T13:46:20.541000Z
1.1444200000000002,1.14447,2099999.9046,7510000.2289,2018-12-28T13:46:20.745000Z
1.1444200000000002,1.14447,2470000.0286,2440000.0572,2018-12-28T13:46:21.742000Z
1.1444200000000002,1.14446,2470000.0286,1000000.0,2018-12-28T13:46:23.090000Z
1.1444200000000002,1.14446,3470000.0286,1000000.0,2018-12-28T13:46:23.579000Z
1.14443,1.14445,2619999.8856,1000000.0,2018-12-28T13:46:26.012000Z
1.1444400000000001,1.14447,1539999.9619,1120000.0048,2018-12-28T13:46:27.030000Z
1.1444400000000001,1.14448,1539999.9619,3190000.0572,2018-12-28T13:46:27.139000Z
1.14443,1.14447,6420000.0763,1500000.0,2018-12-28T13:46:27.241000Z
1.14447,1.14448,2250000.0,1870000.0048,2018-12-28T13:46:30.783000Z
1.14446,1.1445,3240000.0095,1120000.0048,2018-12-28T13:46:30.886000Z
1.14446,1.14449,4170000.0763,1000000.0,2018-12-28T13:46:31.003000Z
1.14447,1.1445,2099999.9046,2250000.0,2018-12-28T13:46:31.105000Z
1.14447,1.1445,1750000.0,1000000.0,2018-12-28T13:46:31.208000Z
1.14445,1.1445,7719999.7902,1000000.0,2018-12-28T13:46:31.311000Z
1.14446,1.1445,2869999.8856,1000000.0,2018-12-28T13:46:31.627000Z
1.14449,1.1445100000000001,1250000.0,1120000.0048,2018-12-28T13:46:31.730000Z
1.14448,1.1445100000000001,5099999.9046,1000000.0,2018-12-28T13:46:31.833000Z
1.14449,1.1445100000000001,1000000.0,1870000.0048,2018-12-28T13:46:31.986000Z
1.14448,1.1445100000000001,3220000.0286,1000000.0,2018-12-28T13:46:32.301000Z
1.14449,1.1445100000000001,1000000.0,1000000.0,2018-12-28T13:46:32.952000Z
1.14449,1.14453,8439999.5804,2250000.0,2018-12-28T13:46:33.207000Z
1.14453,1.14455,3220000.0286,1120000.0048,2018-12-28T13:46:33.310000Z
1.14453,1.14457,2660000.0858,1870000.0048,2018-12-28T13:46:33.415000Z
1.14453,1.14457,4289999.9619,1120000.0048,2018-12-28T13:46:33.569000Z
1.14453,1.14457,7349999.9046,1000000.0,2018-12-28T13:46:33.931000Z
1.1445400000000001,1.14456,1250000.0,1000000.0,2018-12-28T13:46:34.549000Z
1.14453,1.14456,1120000.0048,1000000.0,2018-12-28T13:46:34.658000Z
1.1445,1.14453,3750000.0,1000000.0,2018-12-28T13:46:34.710000Z
1.14448,1.1445200000000002,4250000.0,2619999.8856,2018-12-28T13:46:34.812000Z
1.14448,1.1445200000000002,1000000.0,1200000.0477,2018-12-28T13:46:34.914000Z
1.14449,1.1445200000000002,1000000.0,1000000.0,2018-12-28T13:46:35.169000Z
1.14448,1.1445200000000002,1500000.0,1000000.0,2018-12-28T13:46:35.277000Z
1.14449,1.14453,1000000.0,2369999.8856,2018-12-28T13:46:35.430000Z
1.14448,1.14453,3809999.9428,1500000.0,2018-12-28T13:46:35.584000Z
1.14448,1.14453,2250000.0,3259999.9905,2018-12-28T13:46:35.687000Z
1.14449,1.14453,1250000.0,3450000.0477,2018-12-28T13:46:35.809000Z
1.1445,1.14453,1000000.0,2470000.0286,2018-12-28T13:46:36.254000Z
1.1445,1.14455,3380000.1144,3599999.9046,2018-12-28T13:46:36.358000Z
1.14448,1.1445400000000001,7349999.9046,4889999.8665,2018-12-28T13:46:36.524000Z
1.14448,1.1445400000000001,2250000.0,7389999.8665,2018-12-28T13:46:36.626000Z
1.14447,1.14449,1009999.9905,1000000.0,2018-12-28T13:46:36.728000Z
1.14445,1.14448,7949999.8093,1000000.0,2018-12-28T13:46:36.780000Z
1.14446,1.14449,1690000.0572,3190000.0572,2018-12-28T13:46:36.928000Z
1.14446,1.1445,1000000.0,3190000.0572,2018-12-28T13:46:37.289000Z
1.14446,1.1445,1750000.0,2440000.0572,2018-12-28T13:46:37.442000Z
1.14446,1.1445,1750000.0,4809999.9428,2018-12-28T13:46:37.568000Z
1.14449,1.1445100000000001,1000000.0,6820000.1717,2018-12-28T13:46:39.282000Z
1.1445,1.14453,4360000.1335,2099999.9046,2018-12-28T13:46:39.384000Z
1.1445100000000001,1.14453,1500000.0,1000000.0,2018-12-28T13:46:39.436000Z
1.1445,1.14455,3940000.0572,3450000.0477,2018-12-28T13:46:39.487000Z
1.1445100000000001,1.1445400000000001,1000000.0,1500000.0,2018-12-28T13:46:39.589000Z
1.1445,1.1445400000000001,2440000.0572,1120000.0048,2018-12-28T13:46:39.753000Z
1.1445100000000001,1.1445400000000001,1000000.0,1200000.0477,2018-12-28T13:46:39.855000Z
1.1445,1.14455,2440000.0572,3569999.9332,2018-12-28T13:46:39.957000Z
1.1445,1.14455,5809999.9428,3000000.0,2018-12-28T13:46:40.441000Z
1.1445100000000001,1.14455,1250000.0,3750000.0,2018-12-28T13:46:40.544000Z
1.1445100000000001,1.14455,1250000.0,2819999.9332,2018-12-28T13:46:41.209000Z
1.1445100000000001,1.14455,3190000.0572,4570000.1717,2018-12-28T13:46:42.553000Z
1.1445200000000002,1.14456,1250000.0,3299999.9523,2018-12-28T13:46:43.046000Z
1.1445,1.14455,12470000.267,2250000.0,2018-12-28T13:46:43.148000Z
1.1445100000000001,1.1445400000000001,1250000.0,1000000.0,2018-12-28T13:46:43.250000Z
1.1445100000000001,1.14455,1250000.0,2700000.0477,2018-12-28T13:46:43.454000Z
1.1445400000000001,1.14455,1690000.0572,1100000.0238,2018-12-28T13:46:43.613000Z
1.14453,1.14456,2619999.8856,1000000.0,2018-12-28T13:46:43.716000Z
1.14453,1.14457,1250000.0,1000000.0,2018-12-28T13:46:44.364000Z
1.1445400000000001,1.14457,1000000.0,1500000.0,2018-12-28T13:46:44.877000Z
1.14453,1.14457,1250000.0,1000000.0,2018-12-28T13:46:44.979000Z
1.14453,1.14458,1690000.0572,5179999.8283,2018-12-28T13:46:45.082000Z
1.14453,1.14458,1309999.9428,3549999.9523,2018-12-28T13:46:45.462000Z
1.14453,1.14458,1309999.9428,3490000.0095,2018-12-28T13:46:45.655000Z
1.14453,1.14457,1309999.9428,1000000.0,2018-12-28T13:46:46.087000Z
1.14455,1.14457,1000000.0,1690000.0572,2018-12-28T13:46:46.372000Z
1.1445400000000001,1.14457,3190000.0572,2250000.0,2018-12-28T13:46:46.488000Z
1.1445400000000001,1.14457,1000000.0,1370000.0048,2018-12-28T13:46:46.642000Z
1.1445400000000001,1.14457,1120000.0048,2440000.0572,2018-12-28T13:46:46.745000Z
1.1445400000000001,1.14457,1000000.0,1350000.0238,2018-12-28T13:46:46.848000Z
1.1445400000000001,1.14458,1000000.0,2200000.0477,2018-12-28T13:46:47.052000Z
1.14453,1.14458,4409999.8474,1250000.0,2018-12-28T13:46:47.319000Z
1.14453,1.14458,3190000.0572,1250000.0,2018-12-28T13:46:47.420000Z
1.1445400000000001,1.14458,1250000.0,1500000.0,2018-12-28T13:46:47.716000Z
1.14453,1.14459,5500000.0,4889999.8665,2018-12-28T13:46:47.818000Z
1.14453,1.14455,1120000.0048,1000000.0,2018-12-28T13:46:47.920000Z
1.1445100000000001,1.1445400000000001,1220000.0286,1000000.0,2018-12-28T13:46:48.023000Z
1.1445,1.1445400000000001,3619999.8856,1000000.0,2018-12-28T13:46:48.144000Z
1.1445100000000001,1.14455,1250000.0,4119999.8856,2018-12-28T13:46:48.247000Z
1.1445400000000001,1.14456,1000000.0,1000000.0,2018-12-28T13:46:48.349000Z
1.1445200000000002,1.14455,1950000.0477,1309999.9428,2018-12-28T13:46:48.452000Z
1.1445,1.14455,7599999.9046,4119999.8856,2018-12-28T13:46:48.555000Z
1.1445100000000001,1.1445400000000001,2619999.8856,3000000.0,2018-12-28T13:46:48.664000Z
1.1445100000000001,1.14455,5059999.9428,2059999.9428,2018-12-28T13:46:48.767000Z
1.1445100000000001,1.1445400000000001,1750000.0,1000000.0,2018-12-28T13:46:49.334000Z
1.1445100000000001,1.14455,1750000.0,1500000.0,2018-12-28T13:46:49.510000Z
1.14453,1.14456,1750000.0,1870000.0048,2018-12-28T13:46:50.591000Z
1.14453,1.14457,7869999.8856,2619999.8856,2018-12-28T13:46:51.522000Z
1.14456,1.14459,2440000.0572,3369999.8856,2018-12-28T13:46:51.625000Z
1.1446,1.1446100000000001,14140000.3433,1500000.0,2018-12-28T13:46:51.769000Z
1.14457,1.14459,1970000.0286,1000000.0,2018-12-28T13:46:51.821000Z
1.14456,1.14458,1000000.0,4690000.0572,2018-12-28T13:46:51.923000Z
1.1445200000000002,1.1445400000000001,1220000.0286,1000000.0,2018-12-28T13:46:52.027000Z
1.1445,1.1445400000000001,1250000.0,2809999.9428,2018-12-28T13:46:52.081000Z
1.14449,1.14453,4369999.8856,1500000.0,2018-12-28T13:46:52.230000Z
1.14447,1.14449,1600000.0238,1120000.0048,2018-12-28T13:46:53.020000Z
1.14445,1.14449,2869999.8856,1000000.0,2018-12-28T13:46:53.122000Z
1.14447,1.1445,1690000.0572,1720000.0286,2018-12-28T13:46:53.225000Z
1.14448,1.1445100000000001,1000000.0,1870000.0048,2018-12-28T13:46:53.337000Z
1.14447,1.1445200000000002,1009999.9905,8550000.1907,2018-12-28T13:46:53.439000Z
1.14448,1.1445100000000001,1000000.0,1870000.0048,2018-12-28T13:46:53.918000Z
1.14447,1.1445100000000001,2059999.9428,1120000.0048,2018-12-28T13:46:54.020000Z
1.14448,1.1445100000000001,1000000.0,1870000.0048,2018-12-28T13:46:54.173000Z
1.14447,1.1445100000000001,1120000.0048,1870000.0048,2018-12-28T13:46:54.334000Z
1.14446,1.1445100000000001,4389999.8665,1120000.0048,2018-12-28T13:46:54.742000Z
1.14449,1.1445200000000002,1000000.0,2559999.9428,2018-12-28T13:46:54.979000Z
1.14449,1.1445200000000002,1000000.0,1000000.0,2018-12-28T13:46:55.195000Z
1.14448,1.14453,1000000.0,4119999.8856,2018-12-28T13:46:55.451000Z
1.14448,1.14453,1500000.0,7190000.0572,2018-12-28T13:46:55.604000Z
1.14448,1.14453,1500000.0,5059999.9428,2018-12-28T13:46:56.421000Z
1.14448,1.1445200000000002,1950000.0477,1000000.0,2018-12-28T13:46:56.607000Z
1.14448,1.14453,1009999.9905,1120000.0048,2018-12-28T13:46:57.014000Z
1.14449,1.14453,1000000.0,5869999.8856,2018-12-28T13:46:57.632000Z
1.1445100000000001,1.1445400000000001,1000000.0,1500000.0,2018-12-28T13:46:57.737000Z
1.1445,1.1445400000000001,2250000.0,1500000.0,2018-12-28T13:46:57.893000Z
1.1445100000000001,1.1445400000000001,1000000.0,4869999.8856,2018-12-28T13:46:58.020000Z
1.1445,1.14453,1000000.0,1000000.0,2018-12-28T13:46:58.123000Z
1.14449,1.14453,2440000.0572,1000000.0,2018-12-28T13:46:58.395000Z
1.1445,1.1445400000000001,2569999.9332,1120000.0048,2018-12-28T13:46:58.498000Z
1.1445,1.1445400000000001,1009999.9905,2750000.0,2018-12-28T13:46:58.600000Z
1.14449,1.14453,1100000.0238,1500000.0,2018-12-28T13:46:58.744000Z
1.14449,1.14453,1000000.0,1250000.0,2018-12-28T13:46:59.102000Z
1.14449,1.1445200000000002,1000000.0,1250000.0,2018-12-28T13:46:59.205000Z
1.14445,1.14449,3640000.1049,1000000.0,2018-12-28T13:46:59.307000Z
1.14446,1.14449,1250000.0,1250000.0,2018-12-28T13:46:59.419000Z
1.14447,1.1445100000000001,1120000.0048,2099999.9046,2018-12-28T13:46:59.521000Z
1.14447,1.1445100000000001,1120000.0048,3609999.8951,2018-12-28T13:46:59.624000Z
1.14446,1.1445100000000001,1000000.0,1500000.0,2018-12-28T13:46:59.971000Z
1.14446,1.1445100000000001,1690000.0572,2509999.9905,2018-12-28T13:47:00.178000Z
1.14446,1.1445100000000001,1690000.0572,4510000.2289,2018-12-28T13:47:00.731000Z
1.14446,1.1445100000000001,1690000.0572,3640000.1049,2018-12-28T13:47:00.899000Z
1.14447,1.1445100000000001,1000000.0,6599999.9046,2018-12-28T13:47:01.002000Z
1.14446,1.1445100000000001,2619999.8856,4949999.8093,2018-12-28T13:47:01.157000Z
1.14447,1.1445,1000000.0,1000000.0,2018-12-28T13:47:01.259000Z
1.14446,1.1445100000000001,2440000.0572,7949999.8093,2018-12-28T13:47:01.361000Z
1.14446,1.14449,1500000.0,1500000.0,2018-12-28T13:47:01.412000Z
1.14445,1.14449,3940000.0572,1500000.0,2018-12-28T13:47:01.628000Z
1.14446,1.14449,1000000.0,3000000.0,2018-12-28T13:47:02.609000Z
1.14445,1.14448,3940000.0572,1000000.0,2018-12-28T13:47:02.712000Z
1.14446,1.14448,1000000.0,1000000.0,2018-12-28T13:47:02.814000Z
1.14445,1.14448,5059999.9428,1000000.0,2018-12-28T13:47:02.915000Z
1.14446,1.14448,1000000.0,1000000.0,2018-12-28T13:47:03.080000Z
1.14445,1.14448,1000000.0,1000000.0,2018-12-28T13:47:03.871000Z
1.14446,1.14448,1000000.0,1000000.0,2018-12-28T13:47:04.317000Z
1.14445,1.14448,3940000.0572,1000000.0,2018-12-28T13:47:04.470000Z
1.14445,1.14447,1500000.0,1000000.0,2018-12-28T13:47:04.721000Z
1.1444100000000001,1.14446,6250000.0,1870000.0048,2018-12-28T13:47:04.824000Z
1.1444200000000002,1.14446,1750000.0,1120000.0048,2018-12-28T13:47:04.926000Z
1.1444100000000001,1.14446,7070000.1717,2700000.0477,2018-12-28T13:47:05.028000Z
1.1444400000000001,1.14445,2099999.9046,2250000.0,2018-12-28T13:47:05.079000Z
1.14445,1.14447,1000000.0,1000000.0,2018-12-28T13:47:05.228000Z
1.14443,1.14448,1870000.0048,2539999.9619,2018-12-28T13:47:05.381000Z
1.14443,1.14448,1870000.0048,2509999.9905,2018-12-28T13:47:05.483000Z
1.14443,1.14445,1000000.0,1120000.0048,2018-12-28T13:47:05.631000Z
1.1444200000000002,1.14446,1750000.0,7389999.8665,2018-12-28T13:47:05.734000Z
1.1444200000000002,1.14445,1250000.0,1000000.0,2018-12-28T13:47:05.837000Z
1.1444200000000002,1.14446,1250000.0,4869999.8856,2018-12-28T13:47:05.940000Z
1.1444100000000001,1.14446,3750000.0,5059999.9428,2018-12-28T13:47:05.991000Z
1.1444100000000001,1.14445,2250000.0,1009999.9905,2018-12-28T13:47:06.094000Z
1.1444200000000002,1.14445,1000000.0,2440000.0572,2018-12-28T13:47:06.324000Z
1.1444100000000001,1.14446,1000000.0,6699999.8093,2018-12-28T13:47:06.427000Z
1.1444200000000002,1.14446,1500000.0,4690000.0572,2018-12-28T13:47:07.030000Z
1.1444100000000001,1.14446,3000000.0,2569999.9332,2018-12-28T13:47:07.132000Z
1.1444200000000002,1.14446,1000000.0,5639999.8665,2018-12-28T13:47:07.234000Z
1.1444100000000001,1.14446,3750000.0,3569999.9332,2018-12-28T13:47:07.337000Z
1.1444100000000001,1.1444400000000001,3000000.0,1000000.0,2018-12-28T13:47:07.439000Z
1.1444200000000002,1.14445,1000000.0,1000000.0,2018-12-28T13:47:07.663000Z
1.14443,1.14447,1000000.0,5500000.0,2018-12-28T13:47:07.765000Z
1.1444200000000002,1.14447,1870000.0048,4000000.0,2018-12-28T13:47:07.867000Z
1.14443,1.14447,1000000.0,7070000.1717,2018-12-28T13:47:08.283000Z
1.1444200000000002,1.14447,1120000.0048,2200000.0477,2018-12-28T13:47:08.385000Z
1.14443,1.14447,1000000.0,6320000.1717,2018-12-28T13:47:08.722000Z
1.1444200000000002,1.14447,3069999.9332,2569999.9332,2018-12-28T13:47:08.824000Z
1.14443,1.14447,1000000.0,6320000.1717,2018-12-28T13:47:09.261000Z
1.1444200000000002,1.14447,3069999.9332,2569999.9332,2018-12-28T13:47:09.776000Z
1.1444100000000001,1.14445,3069999.9332,3190000.0572,2018-12-28T13:47:10.101000Z
1.1444200000000002,1.14445,1000000.0,6190000.0572,2018-12-28T13:47:10.203000Z
1.1444100000000001,1.14445,2250000.0,2250000.0,2018-12-28T13:47:10.350000Z
1.1444100000000001,1.14446,1120000.0048,2740000.0095,2018-12-28T13:47:11.968000Z
1.14443,1.14447,1000000.0,6139999.8665,2018-12-28T13:47:12.112000Z
1.14443,1.14447,1000000.0,4690000.0572,2018-12-28T13:47:12.214000Z
1.1444200000000002,1.14447,3750000.0,2440000.0572,2018-12-28T13:47:12.316000Z
1.14443,1.14447,1000000.0,4309999.9428,2018-12-28T13:47:12.571000Z
1.1444200000000002,1.14448,4119999.8856,8699999.8093,2018-12-28T13:47:12.699000Z
1.14443,1.14447,1000000.0,2809999.9428,2018-12-28T13:47:12.803000Z
1.1444200000000002,1.14447,4869999.8856,1309999.9428,2018-12-28T13:47:12.936000Z
1.1444200000000002,1.14446,6369999.8856,1000000.0,2018-12-28T13:47:13.358000Z
1.1444400000000001,1.14448,2369999.8856,1100000.0238,2018-12-28T13:47:13.468000Z
1.1444400000000001,1.14449,1000000.0,8439999.5804,2018-12-28T13:47:13.572000Z
1.14443,1.14448,4119999.8856,3619999.8856,2018-12-28T13:47:13.675000Z
1.1444400000000001,1.14446,1000000.0,3250000.0,2018-12-28T13:47:13.931000Z
1.1444200000000002,1.14446,1000000.0,1759999.9905,2018-12-28T13:47:14.040000Z
1.1444100000000001,1.14445,3440000.0572,1250000.0,2018-12-28T13:47:15.070000Z
1.1444200000000002,1.14446,1250000.0,3940000.0572,2018-12-28T13:47:15.172000Z
1.1444200000000002,1.14447,1000000.0,11510000.2289,2018-12-28T13:47:15.703000Z
1.1444100000000001,1.14447,4119999.8856,9260000.2289,2018-12-28T13:47:15.805000Z
1.1444100000000001,1.14447,4750000.0,13010000.2289,2018-12-28T13:47:15.907000Z
1.1444200000000002,1.14445,1000000.0,1000000.0,2018-12-28T13:47:16.040000Z
1.1444100000000001,1.14445,2619999.8856,1000000.0,2018-12-28T13:47:16.244000Z
1.1444100000000001,1.14446,3190000.0572,1759999.9905,2018-12-28T13:47:16.346000Z
1.1444200000000002,1.14446,1000000.0,6940000.0572,2018-12-28T13:47:16.550000Z
1.1444100000000001,1.14446,1500000.0,1950000.0477,2018-12-28T13:47:16.666000Z
1.1444100000000001,1.14446,2440000.0572,2690000.0572,2018-12-28T13:47:16.827000Z
1.1444200000000002,1.14446,1000000.0,2809999.9428,2018-12-28T13:47:16.929000Z
1.1444100000000001,1.14446,3000000.0,2809999.9428,2018-12-28T13:47:17.084000Z
1.1444200000000002,1.14446,1000000.0,1100000.0238,2018-12-28T13:47:18.805000Z
1.1444100000000001,1.14446,4119999.8856,1100000.0238,2018-12-28T13:47:18.909000Z
1.1444200000000002,1.14446,1000000.0,4949999.8093,2018-12-28T13:47:19.066000Z
1.1444100000000001,1.14446,4010000.2289,1200000.0477,2018-12-28T13:47:19.409000Z
1.1444100000000001,1.14446,1500000.0,6699999.8093,2018-12-28T13:47:21.038000Z
1.1444,1.14445,2619999.8856,6059999.9428,2018-12-28T13:47:24.339000Z
1.1444100000000001,1.1444400000000001,1000000.0,1250000.0,2018-12-28T13:47:24.491000Z
1.1444,1.14445,3750000.0,2619999.8856,2018-12-28T13:47:24.593000Z
1.1444100000000001,1.14445,1000000.0,6369999.8856,2018-12-28T13:47:25.084000Z
1.1444100000000001,1.14446,3000000.0,2140000.1049,2018-12-28T13:47:25.475000Z
1.1444200000000002,1.14446,1120000.0048,6869999.8856,2018-12-28T13:47:25.578000Z
1.1444100000000001,1.14446,6059999.9428,2250000.0,2018-12-28T13:47:25.950000Z
1.1444100000000001,1.14446,3940000.0572,1500000.0,2018-12-28T13:47:26.154000Z
1.1444200000000002,1.14446,1000000.0,5250000.0,2018-12-28T13:47:26.317000Z
1.1444200000000002,1.14445,1000000.0,1000000.0,2018-12-28T13:47:26.419000Z
1.1444100000000001,1.14446,3940000.0572,1500000.0,2018-12-28T13:47:26.547000Z
1.1444100000000001,1.14445,4690000.0572,1000000.0,2018-12-28T13:47:27.036000Z
1.1444100000000001,1.1444400000000001,1500000.0,2500000.0,2018-12-28T13:47:28.137000Z
1.14445,1.14446,1000000.0,1690000.0572,2018-12-28T13:47:28.244000Z
1.1444400000000001,1.14449,3789999.9619,5139999.8665,2018-12-28T13:47:28.347000Z
1.1444400000000001,1.14447,1500000.0,1000000.0,2018-12-28T13:47:28.399000Z
1.1444400000000001,1.14448,1870000.0048,1000000.0,2018-12-28T13:47:28.501000Z
1.1444400000000001,1.14449,1000000.0,11510000.2289,2018-12-28T13:47:28.603000Z
1.1444400000000001,1.14448,1000000.0,1000000.0,2018-12-28T13:47:28.948000Z
1.1444400000000001,1.14449,1000000.0,8140000.3433,2018-12-28T13:47:29.355000Z
1.1444400000000001,1.14448,2250000.0,2250000.0,2018-12-28T13:47:29.457000Z
1.14445,1.14449,1000000.0,3069999.9332,2018-12-28T13:47:29.610000Z
1.14445,1.14448,1500000.0,2440000.0572,2018-12-28T13:47:29.766000Z
1.1444400000000001,1.14448,5809999.9428,1000000.0,2018-12-28T13:47:29.868000Z
1.14445,1.14448,1500000.0,3000000.0,2018-12-28T13:47:30.044000Z
1.1444400000000001,1.14449,3940000.0572,5250000.0,2018-12-28T13:47:30.154000Z
1.1444400000000001,1.14448,1250000.0,3750000.0,2018-12-28T13:47:30.258000Z
1.1444400000000001,1.14447,1000000.0,1000000.0,2018-12-28T13:47:30.360000Z
1.1444400000000001,1.14448,1000000.0,6449999.8093,2018-12-28T13:47:30.513000Z
1.1444400000000001,1.14447,1500000.0,1250000.0,2018-12-28T13:47:30.765000Z
1.1444400000000001,1.14447,1000000.0,1120000.0048,2018-12-28T13:47:30.868000Z
1.14443,1.14447,3369999.8856,1500000.0,2018-12-28T13:47:30.970000Z
1.14443,1.14447,1500000.0,1120000.0048,2018-12-28T13:47:31.173000Z
1.14443,1.14447,1500000.0,2690000.0572,2018-12-28T13:47:31.411000Z
1.1444400000000001,1.14447,1000000.0,4119999.8856,2018-12-28T13:47:31.513000Z
1.14443,1.14447,1000000.0,2619999.8856,2018-12-28T13:47:31.616000Z
1.14443,1.14446,1000000.0,1500000.0,2018-12-28T13:47:31.719000Z
1.1444200000000002,1.14447,1690000.0572,5289999.9619,2018-12-28T13:47:31.822000Z
1.14443,1.14446,1000000.0,1000000.0,2018-12-28T13:47:31.923000Z
1.1444100000000001,1.14447,7420000.0763,6039999.9619,2018-12-28T13:47:32.061000Z
1.1444,1.14443,1909999.9666,1500000.0,2018-12-28T13:47:32.164000Z
1.14439,1.14443,2619999.8856,3190000.0572,2018-12-28T13:47:32.216000Z
1.14439,1.1444200000000002,4719999.7902,1000000.0,2018-12-28T13:47:32.423000Z
1.14439,1.14443,3410000.0858,2319999.9332,2018-12-28T13:47:32.526000Z
1.1444,1.14443,1000000.0,1000000.0,2018-12-28T13:47:32.629000Z
1.1444,1.1444200000000002,1000000.0,1250000.0,2018-12-28T13:47:32.732000Z
1.14439,1.1444200000000002,1870000.0048,1250000.0,2018-12-28T13:47:32.836000Z
1.14438,1.1444200000000002,3940000.0572,1690000.0572,2018-12-28T13:47:34.839000Z
1.14439,1.1444100000000001,1500000.0,2250000.0,2018-12-28T13:47:35.044000Z
1.14437,1.14438,2250000.0,1120000.0048,2018-12-28T13:47:35.095000Z
1.14434,1.14438,2440000.0572,2319999.9332,2018-12-28T13:47:35.213000Z
1.14436,1.14438,1000000.0,1100000.0238,2018-12-28T13:47:35.265000Z
1.14436,1.1444,1250000.0,2619999.8856,2018-12-28T13:47:35.316000Z
1.14438,1.1444100000000001,1000000.0,1200000.0477,2018-12-28T13:47:35.368000Z
1.14439,1.1444200000000002,1620000.0048,1000000.0,2018-12-28T13:47:35.470000Z
1.1444,1.14443,1000000.0,2250000.0,2018-12-28T13:47:35.572000Z
1.14439,1.14443,3000000.0,1500000.0,2018-12-28T13:47:36.292000Z
1.14439,1.1444200000000002,1000000.0,1250000.0,2018-12-28T13:47:36.906000Z
1.14438,1.1444200000000002,1120000.0048,1000000.0,2018-12-28T13:47:37.059000Z
1.14438,1.1444100000000001,1120000.0048,1000000.0,2018-12-28T13:47:37.622000Z
1.14438,1.1444200000000002,1000000.0,2250000.0,2018-12-28T13:47:37.930000Z
1.14437,1.1444200000000002,5099999.9046,1500000.0,2018-12-28T13:47:38.032000Z
1.14437,1.1444100000000001,8100000.3815,1000000.0,2018-12-28T13:47:38.158000Z
1.14437,1.1444200000000002,4349999.9046,1500000.0,2018-12-28T13:47:38.261000Z
1.14437,1.1444100000000001,5849999.9046,1000000.0,2018-12-28T13:47:38.363000Z
1.14437,1.1444200000000002,5719999.7902,3000000.0,2018-12-28T13:47:38.465000Z
1.14437,1.14439,1200000.0477,1250000.0,2018-12-28T13:47:38.687000Z
1.14436,1.14439,1000000.0,4119999.8856,2018-12-28T13:47:38.789000Z
1.14436,1.14439,1000000.0,2250000.0,2018-12-28T13:47:38.895000Z
1.14436,1.1444100000000001,7190000.0572,1870000.0048,2018-12-28T13:47:38.999000Z
1.1444,1.1444400000000001,10689999.5804,2250000.0,2018-12-28T13:47:39.103000Z
1.1444,1.14445,11930000.3052,1500000.0,2018-12-28T13:47:39.205000Z
1.1444100000000001,1.14445,5619999.8856,1500000.0,2018-12-28T13:47:39.308000Z
1.1444100000000001,1.14446,1000000.0,5119999.8856,2018-12-28T13:47:39.462000Z
1.1444,1.14445,7570000.1717,1200000.0477,2018-12-28T13:47:39.769000Z
1.1444,1.14445,10069999.6948,2140000.1049,2018-12-28T13:47:40.195000Z
1.1444,1.14445,5320000.1717,1950000.0477,2018-12-28T13:47:41.188000Z
1.1444200000000002,1.14445,1000000.0,1870000.0048,2018-12-28T13:47:41.783000Z
1.14445,1.14447,3849999.9046,2700000.0477,2018-12-28T13:47:41.886000Z
1.14446,1.1445,3190000.0572,1570000.0525,2018-12-28T13:47:41.977000Z
1.14445,1.14449,5849999.9046,1000000.0,2018-12-28T13:47:42.132000Z
1.14446,1.14449,1000000.0,1000000.0,2018-12-28T13:47:42.285000Z
1.14446,1.14448,1000000.0,1000000.0,2018-12-28T13:47:42.387000Z
1.14445,1.14449,2509999.9905,2000000.0,2018-12-28T13:47:44.352000Z
1.14446,1.14449,1000000.0,2190000.0572,2018-12-28T13:47:44.614000Z
1.14447,1.1445,3940000.0572,1000000.0,2018-12-28T13:47:44.974000Z
1.14448,1.1445,3160000.0858,1000000.0,2018-12-28T13:47:45.026000Z
1.1445100000000001,1.14453,2670000.0763,3000000.0,2018-12-28T13:47:45.142000Z
1.1445100000000001,1.14455,2549999.9523,1000000.0,2018-12-28T13:47:45.194000Z
1.1445200000000002,1.14453,1000000.0,1000000.0,2018-12-28T13:47:45.245000Z
1.14449,1.1445100000000001,2440000.0572,1000000.0,2018-12-28T13:47:45.451000Z
1.14449,1.1445100000000001,6849999.9046,1000000.0,2018-12-28T13:47:45.643000Z
1.14449,1.1445100000000001,1309999.9428,1000000.0,2018-12-28T13:47:46.137000Z
1.14448,1.1445,1500000.0,1000000.0,2018-12-28T13:47:47.324000Z
1.14448,1.1445,4539999.9619,1000000.0,2018-12-28T13:47:47.684000Z
1.14448,1.1445,2890000.1049,1000000.0,2018-12-28T13:47:47.786000Z
1.14448,1.1445100000000001,4389999.8665,1000000.0,2018-12-28T13:47:47.968000Z
1.14445,1.14447,2250000.0,1000000.0,2018-12-28T13:47:48.142000Z
1.1444100000000001,1.14445,4460000.0381,1500000.0,2018-12-28T13:47:48.246000Z
1.1444200000000002,1.14445,1250000.0,2250000.0,2018-12-28T13:47:48.298000Z
1.1444200000000002,1.14447,2910000.0858,3410000.0858,2018-12-28T13:47:48.395000Z
1.1444100000000001,1.1444400000000001,1100000.0238,1000000.0,2018-12-28T13:47:48.498000Z
1.1444,1.1444400000000001,1120000.0048,1690000.0572,2018-12-28T13:47:48.601000Z
1.1444200000000002,1.14446,1000000.0,6159999.8474,2018-12-28T13:47:48.705000Z
1.1444100000000001,1.14446,4010000.2289,3369999.8856,2018-12-28T13:47:49.562000Z
1.1444200000000002,1.14446,1250000.0,1500000.0,2018-12-28T13:47:49.665000Z
1.14443,1.14447,1000000.0,3369999.8856,2018-12-28T13:47:49.800000Z
1.1444200000000002,1.14446,5849999.9046,1000000.0,2018-12-28T13:47:49.953000Z
1.1444200000000002,1.14447,4289999.9619,2250000.0,2018-12-28T13:47:50.258000Z
1.1444200000000002,1.14448,4539999.9619,3559999.9428,2018-12-28T13:47:51.164000Z
1.1444200000000002,1.14447,5880000.1144,1000000.0,2018-12-28T13:47:51.655000Z
1.1444200000000002,1.14448,7699999.8093,5619999.8856,2018-12-28T13:47:51.859000Z
1.1444200000000002,1.14448,5449999.8093,4559999.9428,2018-12-28T13:47:52.672000Z
1.1444200000000002,1.14448,5260000.2289,3750000.0,2018-12-28T13:47:52.774000Z
1.1444200000000002,1.14448,4389999.8665,4250000.0,2018-12-28T13:47:52.876000Z
1.1444100000000001,1.1444400000000001,1220000.0286,1120000.0048,2018-12-28T13:47:52.979000Z
1.1444,1.1444400000000001,1500000.0,1870000.0048,2018-12-28T13:47:53.030000Z
1.1444,1.14446,14699999.8093,3289999.9619,2018-12-28T13:47:53.185000Z
1.1444,1.14446,5510000.2289,2440000.0572,2018-12-28T13:47:53.296000Z
1.1444,1.14445,5510000.2289,1000000.0,2018-12-28T13:47:53.398000Z
1.1444,1.14445,9260000.2289,1000000.0,2018-12-28T13:47:53.500000Z
1.1444,1.14445,6070000.1717,1250000.0,2018-12-28T13:47:53.972000Z
1.1444100000000001,1.14445,1000000.0,1500000.0,2018-12-28T13:47:54.524000Z
1.1444,1.14446,4949999.8093,4000000.0,2018-12-28T13:47:55.129000Z
1.1444100000000001,1.14445,1000000.0,1000000.0,2018-12-28T13:47:55.281000Z
1.1444100000000001,1.14446,2509999.9905,2619999.8856,2018-12-28T13:47:55.485000Z
1.1444100000000001,1.14445,3259999.9905,1000000.0,2018-12-28T13:47:57.704000Z
1.1444100000000001,1.14446,2509999.9905,1870000.0048,2018-12-28T13:47:57.806000Z
1.1444100000000001,1.14445,4579999.9237,1000000.0,2018-12-28T13:47:59.148000Z
1.1444100000000001,1.14446,3079999.9237,1870000.0048,2018-12-28T13:47:59.249000Z
1.1444200000000002,1.14445,1000000.0,1000000.0,2018-12-28T13:48:00.247000Z
1.1444200000000002,1.14446,1000000.0,2619999.8856,2018-12-28T13:48:00.713000Z
1.14443,1.14445,1120000.0048,1000000.0,2018-12-28T13:48:01.195000Z
1.14445,1.14448,1500000.0,3369999.8856,2018-12-28T13:48:01.247000Z
1.1444400000000001,1.14449,6050000.1907,2440000.0572,2018-12-28T13:48:01.349000Z
1.1444400000000001,1.14449,7239999.7711,1870000.0048,2018-12-28T13:48:01.473000Z
1.14443,1.14447,5099999.9046,1000000.0,2018-12-28T13:48:01.525000Z
1.1444200000000002,1.14445,1000000.0,2559999.9428,2018-12-28T13:48:01.630000Z
1.1444200000000002,1.14446,1000000.0,3619999.8856,2018-12-28T13:48:01.733000Z
1.1444100000000001,1.14446,1570000.0525,1370000.0048,2018-12-28T13:48:02.119000Z
1.1444100000000001,1.14446,1759999.9905,1120000.0048,2018-12-28T13:48:02.625000Z
1.1444100000000001,1.14445,2700000.0477,1000000.0,2018-12-28T13:48:04.757000Z
1.1444100000000001,1.14446,4409999.8474,1120000.0048,2018-12-28T13:48:04.859000Z
1.1444100000000001,1.14446,2319999.9332,2440000.0572,2018-12-28T13:48:04.961000Z
1.1444200000000002,1.14446,1000000.0,3369999.8856,2018-12-28T13:48:05.089000Z
1.1444200000000002,1.14447,1009999.9905,6369999.8856,2018-12-28T13:48:07.085000Z
1.1444200000000002,1.14446,1100000.0238,1000000.0,2018-12-28T13:48:07.187000Z
1.1444200000000002,1.14447,2700000.0477,3940000.0572,2018-12-28T13:48:07.746000Z
1.1444200000000002,1.14446,4949999.8093,1500000.0,2018-12-28T13:48:08.417000Z
1.14443,1.14447,1000000.0,6559999.9428,2018-12-28T13:48:09.057000Z
1.1444400000000001,1.14448,3000000.0,6000000.0,2018-12-28T13:48:10.120000Z
1.1444400000000001,1.14448,4949999.8093,2250000.0,2018-12-28T13:48:10.251000Z
1.14446,1.14449,1200000.0477,1870000.0048,2018-12-28T13:48:10.354000Z
1.14446,1.1445,1570000.0525,1000000.0,2018-12-28T13:48:10.456000Z
1.14445,1.1445,4320000.1717,2119999.8856,2018-12-28T13:48:10.558000Z
1.14446,1.1445,1870000.0048,2619999.8856,2018-12-28T13:48:10.661000Z
1.14446,1.14449,2619999.8856,1000000.0,2018-12-28T13:48:10.808000Z
1.14446,1.1445,1870000.0048,2809999.9428,2018-12-28T13:48:11.687000Z
1.14448,1.1445100000000001,1000000.0,1120000.0048,2018-12-28T13:48:11.957000Z
1.14447,1.1445100000000001,1799999.9523,1000000.0,2018-12-28T13:48:12.213000Z
1.14447,1.1445200000000002,1419999.9571,6969999.7902,2018-12-28T13:48:12.314000Z
1.14447,1.1445100000000001,3490000.0095,1500000.0,2018-12-28T13:48:12.844000Z
1.14447,1.1445200000000002,2920000.0763,3789999.9619,2018-12-28T13:48:12.947000Z
1.14447,1.1445100000000001,2250000.0,2440000.0572,2018-12-28T13:48:13.050000Z
1.14447,1.1445200000000002,1570000.0525,5289999.9619,2018-12-28T13:48:15.154000Z
1.14447,1.1445100000000001,1570000.0525,1500000.0,2018-12-28T13:48:16.118000Z
1.14447,1.1445100000000001,1100000.0238,4750000.0,2018-12-28T13:48:16.474000Z
1.14446,1.1445,1000000.0,4119999.8856,2018-12-28T13:48:16.576000Z
1.14445,1.14449,1100000.0238,1690000.0572,2018-12-28T13:48:16.678000Z
1.14445,1.1445,1100000.0238,5559999.9428,2018-12-28T13:48:16.780000Z
1.14445,1.1445,2140000.1049,3000000.0,2018-12-28T13:48:16.883000Z
1.14445,1.14449,5139999.8665,1000000.0,2018-12-28T13:48:17.089000Z
1.14445,1.1445,2140000.1049,1000000.0,2018-12-28T13:48:17.191000Z
1.14446,1.1445100000000001,3450000.0477,2289999.9619,2018-12-28T13:48:17.399000Z
1.14448,1.1445200000000002,1000000.0,7500000.0,2018-12-28T13:48:17.501000Z
1.14447,1.1445200000000002,1100000.0238,4119999.8856,2018-12-28T13:48:17.611000Z
1.14446,1.1445,2289999.9619,1250000.0,2018-12-28T13:48:17.714000Z
1.14446,1.1445,1500000.0,2559999.9428,2018-12-28T13:48:17.816000Z
1.14446,1.1445,1000000.0,1500000.0,2018-12-28T13:48:17.919000Z
1.14447,1.1445100000000001,1000000.0,6539999.9619,2018-12-28T13:48:19.384000Z
1.1445,1.1445200000000002,1000000.0,2619999.8856,2018-12-28T13:48:19.701000Z
1.14448,1.1445200000000002,2740000.0095,1000000.0,2018-12-28T13:48:19.752000Z
1.14448,1.14453,3109999.8951,2250000.0,2018-12-28T13:48:19.855000Z
1.14449,1.1445200000000002,1000000.0,1000000.0,2018-12-28T13:48:20.614000Z
1.14449,1.14453,1970000.0286,1000000.0,2018-12-28T13:48:20.717000Z
1.14448,1.14453,5360000.1335,1500000.0,2018-12-28T13:48:20.819000Z
1.14449,1.14453,1120000.0048,1000000.0,2018-12-28T13:48:21.082000Z
1.14449,1.1445200000000002,3750000.0,1000000.0,2018-12-28T13:48:21.286000Z
1.14449,1.14453,3750000.0,1250000.0,2018-12-28T13:48:21.388000Z
1.14449,1.1445200000000002,3750000.0,1000000.0,2018-12-28T13:48:21.490000Z
1.14449,1.14453,3750000.0,1250000.0,2018-12-28T13:48:21.592000Z
1.14449,1.14453,3750000.0,1250000.0,2018-12-28T13:48:23.155000Z
1.14449,1.14453,3750000.0,1250000.0,2018-12-28T13:48:23.455000Z
1.1445,1.1445400000000001,3039999.9619,2250000.0,2018-12-28T13:48:23.574000Z
1.1445,1.14455,1570000.0525,3750000.0,2018-12-28T13:48:23.880000Z
1.1445,1.1445400000000001,5360000.1335,1000000.0,2018-12-28T13:48:24.603000Z
1.1445,1.14455,2250000.0,3750000.0,2018-12-28T13:48:24.706000Z
1.1445,1.14453,1000000.0,2250000.0,2018-12-28T13:48:24.808000Z
1.1445,1.1445200000000002,3750000.0,1000000.0,2018-12-28T13:48:25.289000Z
1.1445,1.14453,3750000.0,2809999.9428,2018-12-28T13:48:25.773000Z
1.14449,1.14453,4869999.8856,4309999.9428,2018-12-28T13:48:27.037000Z
1.14449,1.14453,4869999.8856,5500000.0,2018-12-28T13:48:27.659000Z
1.14449,1.14453,4869999.8856,4690000.0572,2018-12-28T13:48:28.111000Z
1.14449,1.14453,4869999.8856,5500000.0,2018-12-28T13:48:28.254000Z
1.14449,1.1445,3750000.0,1500000.0,2018-12-28T13:48:28.356000Z
1.14446,1.1445,5449999.8093,1000000.0,2018-12-28T13:48:28.408000Z
1.14447,1.1445100000000001,2250000.0,2440000.0572,2018-12-28T13:48:29.491000Z
1.14447,1.1445100000000001,2250000.0,4000000.0,2018-12-28T13:48:30.040000Z
1.14446,1.1445100000000001,4760000.2289,4750000.0,2018-12-28T13:48:30.142000Z
1.14446,1.1445100000000001,3750000.0,3190000.0572,2018-12-28T13:48:30.732000Z
1.14446,1.1445100000000001,4760000.2289,4000000.0,2018-12-28T13:48:30.851000Z
1.14446,1.1445100000000001,3819999.9332,3190000.0572,2018-12-28T13:48:31.034000Z
1.14449,1.1445100000000001,1000000.0,1250000.0,2018-12-28T13:48:33.064000Z
1.14449,1.1445200000000002,1870000.0048,1950000.0477,2018-12-28T13:48:33.188000Z
1.1445100000000001,1.1445400000000001,2250000.0,5250000.0,2018-12-28T13:48:33.290000Z
1.1445100000000001,1.14455,4119999.8856,1000000.0,2018-12-28T13:48:33.444000Z
1.1445100000000001,1.14456,2319999.9332,5440000.0572,2018-12-28T13:48:33.648000Z
1.1445100000000001,1.14455,2250000.0,1870000.0048,2018-12-28T13:48:33.763000Z
1.1445100000000001,1.14456,2250000.0,3750000.0,2018-12-28T13:48:34.863000Z
1.1445100000000001,1.14455,2250000.0,1000000.0,2018-12-28T13:48:35.435000Z
1.1445100000000001,1.14455,3119999.8856,1500000.0,2018-12-28T13:48:35.745000Z
1.1445200000000002,1.14456,1500000.0,3000000.0,2018-12-28T13:48:36.071000Z
1.1445200000000002,1.14455,4420000.0763,1000000.0,2018-12-28T13:48:36.275000Z
1.1445200000000002,1.14456,3109999.8951,2250000.0,2018-12-28T13:48:36.398000Z
1.1445200000000002,1.14456,6070000.1717,1120000.0048,2018-12-28T13:48:36.501000Z
1.1445200000000002,1.14457,4989999.7711,4250000.0,2018-12-28T13:48:36.603000Z
1.1445200000000002,1.14457,4360000.1335,3500000.0,2018-12-28T13:48:37.465000Z
1.1445200000000002,1.14456,7309999.9428,1200000.0477,2018-12-28T13:48:38.741000Z
1.1445100000000001,1.14453,2809999.9428,1000000.0,2018-12-28T13:48:38.894000Z
1.1445200000000002,1.14456,1000000.0,4639999.8665,2018-12-28T13:48:39.048000Z
1.1445200000000002,1.14456,2619999.8856,5539999.9619,2018-12-28T13:48:39.182000Z
1.1445200000000002,1.14456,2619999.8856,5349999.9046,2018-12-28T13:48:39.285000Z
1.1445100000000001,1.14456,4909999.8474,2970000.0286,2018-12-28T13:48:40.320000Z
1.1445100000000001,1.1445400000000001,4719999.7902,1000000.0,2018-12-28T13:48:42.589000Z
1.1445100000000001,1.14456,3970000.0286,5659999.8474,2018-12-28T13:48:42.792000Z
1.1445100000000001,1.14456,5250000.0,4389999.8665,2018-12-28T13:48:47.109000Z
1.1445100000000001,1.14456,4869999.8856,4599999.9046,2018-12-28T13:48:47.213000Z
1.1445200000000002,1.14456,1000000.0,5349999.9046,2018-12-28T13:48:47.873000Z
1.1445200000000002,1.14456,2369999.8856,2319999.9332,2018-12-28T13:48:49.129000Z
1.1445200000000002,1.14455,1000000.0,1100000.0238,2018-12-28T13:48:49.233000Z
1.1445200000000002,1.14457,2559999.9428,4820000.1717,2018-12-28T13:48:55.448000Z
1.1445200000000002,1.14457,1309999.9428,4969999.7902,2018-12-28T13:48:57.544000Z
1.1445100000000001,1.1445400000000001,2250000.0,4750000.0,2018-12-28T13:48:58.174000Z
1.14448,1.1445,1000000.0,3000000.0,2018-12-28T13:48:58.277000Z
1.14446,1.14449,2619999.8856,1000000.0,2018-12-28T13:48:58.403000Z
1.14445,1.1445,3000000.0,1909999.9666,2018-12-28T13:48:59.593000Z
1.14446,1.14449,1000000.0,1220000.0286,2018-12-28T13:48:59.811000Z
1.14445,1.1445,3190000.0572,2470000.0286,2018-12-28T13:48:59.947000Z
1.14445,1.14449,2750000.0,1220000.0286,2018-12-28T13:49:00.577000Z
1.1444400000000001,1.14446,4619999.8856,1000000.0,2018-12-28T13:49:00.629000Z
1.14443,1.14446,2250000.0,1000000.0,2018-12-28T13:49:00.681000Z
1.1444100000000001,1.14445,3750000.0,1500000.0,2018-12-28T13:49:00.784000Z
1.1444100000000001,1.14446,1690000.0572,7349999.9046,2018-12-28T13:49:00.893000Z
1.1444100000000001,1.14445,3559999.9428,1000000.0,2018-12-28T13:49:00.995000Z
1.1444100000000001,1.14446,2440000.0572,4349999.9046,2018-12-28T13:49:04.830000Z
1.1444200000000002,1.14446,1000000.0,6219999.7902,2018-12-28T13:49:05.167000Z
1.1444100000000001,1.14446,3190000.0572,5469999.7902,2018-12-28T13:49:05.268000Z
1.1444100000000001,1.14446,3750000.0,7010000.2289,2018-12-28T13:49:05.789000Z
1.1444100000000001,1.14446,3559999.9428,6969999.7902,2018-12-28T13:49:05.840000Z
1.1444200000000002,1.14445,1000000.0,1500000.0,2018-12-28T13:49:05.942000Z
1.1444100000000001,1.14446,4309999.9428,3819999.9332,2018-12-28T13:49:06.364000Z
1.1444100000000001,1.14445,6750000.0,1200000.0477,2018-12-28T13:49:06.466000Z
1.1444200000000002,1.14445,1690000.0572,3640000.1049,2018-12-28T13:49:06.569000Z
1.14443,1.14447,2619999.8856,6070000.1717,2018-12-28T13:49:06.707000Z
1.14443,1.14447,1250000.0,3069999.9332,2018-12-28T13:49:06.811000Z
1.14443,1.14446,1000000.0,1000000.0,2018-12-28T13:49:07.169000Z
1.1444200000000002,1.14447,5059999.9428,2319999.9332,2018-12-28T13:49:07.542000Z
1.14443,1.14447,1000000.0,2319999.9332,2018-12-28T13:49:08.213000Z
1.14443,1.14446,1500000.0,1000000.0,2018-12-28T13:49:08.469000Z
1.1444200000000002,1.14446,3369999.8856,2700000.0477,2018-12-28T13:49:09.007000Z
1.1444100000000001,1.1444400000000001,3940000.0572,1000000.0,2018-12-28T13:49:10.474000Z
1.1444,1.1444400000000001,5250000.0,3450000.0477,2018-12-28T13:49:10.639000Z
1.1444100000000001,1.1444400000000001,1250000.0,1009999.9905,2018-12-28T13:49:10.792000Z
1.1444,1.1444400000000001,2809999.9428,1009999.9905,2018-12-28T13:49:10.894000Z
1.1444,1.1444400000000001,2059999.9428,1700000.0477,2018-12-28T13:49:11.048000Z
1.1444100000000001,1.1444400000000001,1250000.0,1509999.9905,2018-12-28T13:49:11.399000Z
1.1444,1.1444400000000001,3369999.8856,1509999.9905,2018-12-28T13:49:11.527000Z
1.1444100000000001,1.1444400000000001,1000000.0,5260000.2289,2018-12-28T13:49:11.629000Z
1.1444,1.1444400000000001,3559999.9428,1509999.9905,2018-12-28T13:49:12.290000Z
1.1444,1.14445,2809999.9428,12140000.3433,2018-12-28T13:49:12.545000Z
1.1444,1.14445,2000000.0,11890000.3433,2018-12-28T13:49:13.794000Z
1.1444,1.14445,1870000.0048,9140000.3433,2018-12-28T13:49:14.491000Z
1.1444100000000001,1.1444400000000001,1000000.0,1000000.0,2018-12-28T13:49:14.593000Z
1.1444100000000001,1.14443,1000000.0,1000000.0,2018-12-28T13:49:14.697000Z
1.1444,1.14443,1120000.0048,1000000.0,2018-12-28T13:49:15.120000Z
1.1444,1.1444400000000001,1120000.0048,7260000.2289,2018-12-28T13:49:15.925000Z
1.1444100000000001,1.1444400000000001,1000000.0,4949999.8093,2018-12-28T13:49:16.659000Z
1.1444200000000002,1.14445,1500000.0,1100000.0238,2018-12-28T13:49:18.748000Z
1.1444200000000002,1.14446,2690000.0572,1500000.0,2018-12-28T13:49:18.850000Z
1.14443,1.14447,1309999.9428,1690000.0572,2018-12-28T13:49:19.021000Z
1.14443,1.14446,1250000.0,1000000.0,2018-12-28T13:49:19.123000Z
1.1444200000000002,1.14447,3250000.0,1759999.9905,2018-12-28T13:49:19.237000Z
1.1444200000000002,1.14446,3619999.8856,1000000.0,2018-12-28T13:49:19.741000Z
1.1444200000000002,1.14447,2869999.8856,2509999.9905,2018-12-28T13:49:20.272000Z
1.1444400000000001,1.14447,1000000.0,2509999.9905,2018-12-28T13:49:20.452000Z
1.1444400000000001,1.14446,1000000.0,1000000.0,2018-12-28T13:49:21.885000Z
1.14443,1.14447,2809999.9428,1759999.9905,2018-12-28T13:49:21.986000Z
1.14443,1.14446,2809999.9428,1000000.0,2018-12-28T13:49:22.292000Z
1.14443,1.14447,2809999.9428,1759999.9905,2018-12-28T13:49:22.799000Z
1.1444400000000001,1.14446,1000000.0,1500000.0,2018-12-28T13:49:24.886000Z
1.1444400000000001,1.14447,1000000.0,2140000.1049,2018-12-28T13:49:24.990000Z
1.1444400000000001,1.14446,1000000.0,1500000.0,2018-12-28T13:49:25.144000Z
1.1444400000000001,1.14447,1000000.0,2890000.1049,2018-12-28T13:49:25.246000Z
1.1444400000000001,1.14446,1000000.0,1500000.0,2018-12-28T13:49:25.669000Z
1.1444400000000001,1.14447,1000000.0,2140000.1049,2018-12-28T13:49:25.772000Z
1.1444200000000002,1.14447,4369999.8856,2140000.1049,2018-12-28T13:49:26.130000Z
1.1444200000000002,1.14446,4000000.0,1500000.0,2018-12-28T13:49:27.741000Z
1.1444200000000002,1.14447,3250000.0,2140000.1049,2018-12-28T13:49:28.393000Z
1.14443,1.14446,1250000.0,1690000.0572,2018-12-28T13:49:30.154000Z
1.1444200000000002,1.14447,1750000.0,5320000.1717,2018-12-28T13:49:30.983000Z
1.1444200000000002,1.14446,4369999.8856,2250000.0,2018-12-28T13:49:31.136000Z
1.1444200000000002,1.14447,3619999.8856,6070000.1717,2018-12-28T13:49:31.977000Z
1.1444200000000002,1.14446,4000000.0,2250000.0,2018-12-28T13:49:32.181000Z
1.1444200000000002,1.14447,3619999.8856,5889999.8665,2018-12-28T13:49:32.283000Z
1.1444200000000002,1.14446,4750000.0,1500000.0,2018-12-28T13:49:33.206000Z
1.1444200000000002,1.14447,4369999.8856,3640000.1049,2018-12-28T13:49:33.308000Z
1.1444200000000002,1.14446,5119999.8856,1500000.0,2018-12-28T13:49:33.563000Z
1.1444200000000002,1.14447,4000000.0,3640000.1049,2018-12-28T13:49:33.729000Z
1.14443,1.14446,1309999.9428,1500000.0,2018-12-28T13:49:33.831000Z
1.14443,1.14447,1870000.0048,3819999.9332,2018-12-28T13:49:34.187000Z
1.14443,1.14446,1870000.0048,1500000.0,2018-12-28T13:49:34.390000Z
1.14443,1.14447,1120000.0048,2319999.9332,2018-12-28T13:49:34.539000Z
1.14443,1.14446,1500000.0,1500000.0,2018-12-28T13:49:34.806000Z
1.14443,1.14447,1000000.0,2619999.8856,2018-12-28T13:49:34.963000Z
1.1444200000000002,1.14446,6190000.0572,1500000.0,2018-12-28T13:49:35.678000Z
1.1444200000000002,1.14447,6369999.8856,2140000.1049,2018-12-28T13:49:35.780000Z
1.14443,1.14447,1000000.0,1950000.0477,2018-12-28T13:49:35.883000Z
1.1444200000000002,1.14447,5440000.0572,1950000.0477,2018-12-28T13:49:35.986000Z
1.14443,1.14447,1000000.0,2700000.0477,2018-12-28T13:49:36.220000Z
1.1444400000000001,1.14448,1539999.9619,4050000.1907,2018-12-28T13:49:36.869000Z
1.14445,1.14448,2440000.0572,1200000.0477,2018-12-28T13:49:36.971000Z
1.14445,1.14449,2440000.0572,1100000.0238,2018-12-28T13:49:37.278000Z
1.14445,1.14448,3190000.0572,1000000.0,2018-12-28T13:49:37.499000Z
1.14446,1.14448,1250000.0,1000000.0,2018-12-28T13:49:37.986000Z
1.14445,1.14449,3190000.0572,1759999.9905,2018-12-28T13:49:38.903000Z
1.14445,1.1445,2000000.0,9449999.8093,2018-12-28T13:49:42.544000Z
1.14445,1.14448,4119999.8856,2170000.0763,2018-12-28T13:49:43.097000Z
1.14446,1.14449,1250000.0,4320000.1717,2018-12-28T13:49:43.353000Z
1.14445,1.14449,1690000.0572,1659999.9666,2018-12-28T13:49:43.506000Z
1.14446,1.14449,1250000.0,2450000.0477,2018-12-28T13:49:44.380000Z
1.14445,1.14449,1690000.0572,2390000.1049,2018-12-28T13:49:44.482000Z
1.14447,1.1445,1120000.0048,1100000.0238,2018-12-28T13:49:44.975000Z
1.14447,1.1445200000000002,1120000.0048,10819999.6948,2018-12-28T13:49:45.078000Z
1.14446,1.1445,3000000.0,2890000.1049,2018-12-28T13:49:45.317000Z
1.14446,1.1445,1250000.0,9199999.8093,2018-12-28T13:49:45.419000Z
1.14445,1.1445,6369999.8856,6860000.1335,2018-12-28T13:49:45.521000Z
1.14445,1.14449,6190000.0572,2140000.1049,2018-12-28T13:49:45.623000Z
1.14446,1.14448,1000000.0,1000000.0,2018-12-28T13:49:45.726000Z
1.14445,1.14449,6940000.0572,2140000.1049,2018-12-28T13:49:45.863000Z
1.14447,1.14449,1000000.0,1009999.9905,2018-12-28T13:49:48.228000Z
1.14447,1.1445,1000000.0,7010000.2289,2018-12-28T13:49:50.865000Z
1.14448,1.1445100000000001,1500000.0,1120000.0048,2018-12-28T13:49:50.968000Z
1.14449,1.1445200000000002,1000000.0,2440000.0572,2018-12-28T13:49:51.072000Z
1.14448,1.14453,4119999.8856,8199999.8093,2018-12-28T13:49:52.097000Z
1.14449,1.14453,1000000.0,7070000.1717,2018-12-28T13:49:54.095000Z
1.14449,1.14453,1000000.0,4570000.1717,2018-12-28T13:49:55.402000Z
1.14449,1.1445200000000002,1500000.0,1000000.0,2018-12-28T13:49:55.896000Z
1.14449,1.1445400000000001,3750000.0,4099999.9046,2018-12-28T13:49:59.128000Z
1.1445,1.14453,1000000.0,2640000.1049,2018-12-28T13:49:59.236000Z
1.14449,1.14453,1120000.0048,2170000.0763,2018-12-28T13:49:59.339000Z
1.14449,1.14453,1120000.0048,2200000.0477,2018-12-28T13:49:59.442000Z
1.1445,1.1445400000000001,1000000.0,7619999.8856,2018-12-28T13:50:00.074000Z
1.14449,1.1445400000000001,1120000.0048,5949999.8093,2018-12-28T13:50:00.956000Z
1.1445100000000001,1.1445400000000001,2250000.0,1000000.0,2018-12-28T13:50:03.568000Z
1.1445100000000001,1.14455,3000000.0,1389999.9857,2018-12-28T13:50:03.670000Z
1.1445100000000001,1.14455,2250000.0,2660000.0858,2018-12-28T13:50:03.772000Z
1.1445100000000001,1.14453,1500000.0,1000000.0,2018-12-28T13:50:04.402000Z
1.1445,1.1445200000000002,1120000.0048,1000000.0,2018-12-28T13:50:04.609000Z
1.14448,1.1445200000000002,2750000.0,1009999.9905,2018-12-28T13:50:04.813000Z
1.14449,1.1445200000000002,1120000.0048,1259999.9905,2018-12-28T13:50:05.634000Z
1.14449,1.1445200000000002,1120000.0048,1200000.0477,2018-12-28T13:50:05.736000Z
1.1445200000000002,1.14453,1000000.0,1200000.0477,2018-12-28T13:50:06.242000Z
1.1445200000000002,1.14455,1000000.0,5599999.9046,2018-12-28T13:50:06.293000Z
1.1445,1.14455,6309999.9428,5909999.8474,2018-12-28T13:50:06.446000Z
1.1445,1.14455,1000000.0,8100000.3815,2018-12-28T13:50:07.150000Z
1.14449,1.14455,9560000.4196,8850000.3815,2018-12-28T13:50:07.523000Z
1.1445,1.1445400000000001,1000000.0,3069999.9332,2018-12-28T13:50:08.086000Z
1.14449,1.1445400000000001,8439999.5804,1200000.0477,2018-12-28T13:50:08.653000Z
1.1445,1.1445400000000001,1000000.0,1200000.0477,2018-12-28T13:50:08.755000Z
1.1445200000000002,1.14455,1690000.0572,1200000.0477,2018-12-28T13:50:08.923000Z
1.14453,1.14456,1870000.0048,1000000.0,2018-12-28T13:50:09.026000Z
1.1445400000000001,1.14458,2250000.0,1250000.0,2018-12-28T13:50:09.077000Z
1.14455,1.14458,1000000.0,2440000.0572,2018-12-28T13:50:09.189000Z
1.1445400000000001,1.14459,1500000.0,6719999.7902,2018-12-28T13:50:09.292000Z
1.14455,1.14458,1000000.0,3069999.9332,2018-12-28T13:50:09.823000Z
1.1445400000000001,1.14459,1000000.0,6219999.7902,2018-12-28T13:50:09.925000Z
1.1445400000000001,1.14458,1000000.0,3509999.9905,2018-12-28T13:50:11.162000Z
1.1445400000000001,1.14458,1000000.0,2700000.0477,2018-12-28T13:50:11.264000Z
1.1445400000000001,1.14458,2440000.0572,6139999.8665,2018-12-28T13:50:13.258000Z
1.1445400000000001,1.14458,1000000.0,2140000.1049,2018-12-28T13:50:14.773000Z
1.14456,1.14459,2660000.0858,1570000.0525,2018-12-28T13:50:14.992000Z
1.14458,1.1446100000000001,1000000.0,1870000.0048,2018-12-28T13:50:15.095000Z
1.14459,1.14463,1000000.0,2950000.0477,2018-12-28T13:50:15.197000Z
1.14459,1.14463,1500000.0,2700000.0477,2018-12-28T13:50:16.242000Z
1.14459,1.1446200000000002,1500000.0,1000000.0,2018-12-28T13:50:16.581000Z
1.14459,1.1446200000000002,1000000.0,5820000.1717,2018-12-28T13:50:17.205000Z
1.14457,1.1446,1500000.0,4309999.9428,2018-12-28T13:50:17.256000Z
1.14456,1.14458,5750000.0,1000000.0,2018-12-28T13:50:17.360000Z
1.14456,1.14457,1000000.0,1120000.0048,2018-12-28T13:50:17.462000Z
1.1445400000000001,1.14456,1500000.0,4119999.8856,2018-12-28T13:50:17.567000Z
1.1445200000000002,1.14456,4869999.8856,1500000.0,2018-12-28T13:50:17.670000Z
1.14453,1.14456,3190000.0572,1000000.0,2018-12-28T13:50:17.772000Z
1.14453,1.14458,3000000.0,8550000.1907,2018-12-28T13:50:18.096000Z
1.14453,1.14458,3940000.0572,8239999.7711,2018-12-28T13:50:18.198000Z
1.14453,1.14458,3000000.0,7420000.0763,2018-12-28T13:50:18.376000Z
1.14453,1.14457,3750000.0,1000000.0,2018-12-28T13:50:18.721000Z
1.1445400000000001,1.14457,1500000.0,1120000.0048,2018-12-28T13:50:18.930000Z
1.1445400000000001,1.14459,4869999.8856,5099999.9046,2018-12-28T13:50:19.085000Z
1.14455,1.14459,1000000.0,4969999.7902,2018-12-28T13:50:19.770000Z
1.1445400000000001,1.14459,4869999.8856,4969999.7902,2018-12-28T13:50:19.872000Z
1.14455,1.14459,1000000.0,4969999.7902,2018-12-28T13:50:20.028000Z
1.1445400000000001,1.14459,4869999.8856,4969999.7902,2018-12-28T13:50:20.478000Z
1.1445400000000001,1.14459,4869999.8856,4949999.8093,2018-12-28T13:50:20.631000Z
1.14455,1.14459,1000000.0,5949999.8093,2018-12-28T13:50:21.043000Z
1.14455,1.14459,1000000.0,3819999.9332,2018-12-28T13:50:21.738000Z
1.1445400000000001,1.14459,4869999.8856,1759999.9905,2018-12-28T13:50:22.353000Z
1.14455,1.14459,1000000.0,1690000.0572,2018-12-28T13:50:22.560000Z
1.14455,1.14459,1000000.0,2009999.9905,2018-12-28T13:50:22.896000Z
1.14455,1.14459,1000000.0,1950000.0477,2018-12-28T13:50:22.998000Z
1.14455,1.14458,2250000.0,1950000.0477,2018-12-28T13:50:23.894000Z
1.1445400000000001,1.14458,6000000.0,1500000.0,2018-12-28T13:50:25.094000Z
1.14455,1.14458,1000000.0,1200000.0477,2018-12-28T13:50:25.346000Z
1.1445400000000001,1.14458,4500000.0,1000000.0,2018-12-28T13:50:25.447000Z
1.14455,1.14458,2250000.0,1000000.0,2018-12-28T13:50:25.912000Z
1.1445400000000001,1.14458,5250000.0,1000000.0,2018-12-28T13:50:26.030000Z
1.14455,1.14458,1000000.0,1000000.0,2018-12-28T13:50:26.131000Z
1.1445400000000001,1.14458,2250000.0,1000000.0,2018-12-28T13:50:26.560000Z
1.14455,1.14458,1000000.0,1759999.9905,2018-12-28T13:50:27.515000Z
1.1445400000000001,1.14458,3000000.0,1950000.0477,2018-12-28T13:50:27.617000Z
1.1445400000000001,1.14458,3190000.0572,2009999.9905,2018-12-28T13:50:27.752000Z
1.1445400000000001,1.14458,1500000.0,1200000.0477,2018-12-28T13:50:28.155000Z
1.1445400000000001,1.14456,1000000.0,2619999.8856,2018-12-28T13:50:28.359000Z
1.1445200000000002,1.14456,1500000.0,7559999.9428,2018-12-28T13:50:28.410000Z
1.1445100000000001,1.14456,3559999.9428,4570000.1717,2018-12-28T13:50:28.551000Z
1.1445100000000001,1.14456,3559999.9428,5010000.2289,2018-12-28T13:50:28.654000Z
1.1445100000000001,1.14456,2619999.8856,3450000.0477,2018-12-28T13:50:28.756000Z
1.1445100000000001,1.14456,2250000.0,6099999.9046,2018-12-28T13:50:29.062000Z
1.1445200000000002,1.14455,1000000.0,1759999.9905,2018-12-28T13:50:29.179000Z
1.1445100000000001,1.14455,3000000.0,1009999.9905,2018-12-28T13:50:29.281000Z
1.1445200000000002,1.14455,2750000.0,1389999.9857,2018-12-28T13:50:29.860000Z
1.14453,1.14457,2619999.8856,1100000.0238,2018-12-28T13:50:29.967000Z
1.14453,1.14458,2250000.0,6639999.8665,2018-12-28T13:50:30.071000Z
1.14453,1.14458,3750000.0,4260000.2289,2018-12-28T13:50:30.176000Z
1.1445400000000001,1.14458,1000000.0,6139999.8665,2018-12-28T13:50:30.280000Z
1.14453,1.14458,3559999.9428,2950000.0477,2018-12-28T13:50:30.991000Z
1.1445400000000001,1.14458,1879999.9952,2119999.8856,2018-12-28T13:50:31.093000Z
1.14455,1.14458,1000000.0,2119999.8856,2018-12-28T13:50:31.247000Z
1.1445400000000001,1.14458,4349999.9046,1370000.0048,2018-12-28T13:50:31.410000Z
1.14455,1.14459,1000000.0,6199999.8093,2018-12-28T13:50:31.563000Z
1.1445400000000001,1.14459,4349999.9046,3950000.0477,2018-12-28T13:50:31.665000Z
1.14455,1.14458,1000000.0,1870000.0048,2018-12-28T13:50:31.819000Z
1.1445400000000001,1.14458,1500000.0,1120000.0048,2018-12-28T13:50:31.921000Z
1.1445400000000001,1.14457,1870000.0048,1000000.0,2018-12-28T13:50:32.023000Z
1.14455,1.14457,1000000.0,1000000.0,2018-12-28T13:50:32.421000Z
1.1445400000000001,1.14457,1000000.0,1000000.0,2018-12-28T13:50:32.574000Z
1.14455,1.14457,1000000.0,1000000.0,2018-12-28T13:50:32.950000Z
1.1445400000000001,1.14457,1000000.0,1000000.0,2018-12-28T13:50:33.968000Z
1.14455,1.14457,1000000.0,1000000.0,2018-12-28T13:50:34.231000Z
1.14455,1.14458,1000000.0,3000000.0,2018-12-28T13:50:34.408000Z
1.1445400000000001,1.14458,1500000.0,1120000.0048,2018-12-28T13:50:34.516000Z
1.1445400000000001,1.14458,4599999.9046,1690000.0572,2018-12-28T13:50:34.993000Z
1.1445400000000001,1.14458,1870000.0048,2809999.9428,2018-12-28T13:50:35.095000Z
1.14455,1.14458,1000000.0,4760000.2289,2018-12-28T13:50:35.249000Z
1.1445400000000001,1.14458,1000000.0,1389999.9857,2018-12-28T13:50:35.352000Z
1.1445400000000001,1.14457,1000000.0,1000000.0,2018-12-28T13:50:35.517000Z
1.14455,1.14457,1000000.0,1100000.0238,2018-12-28T13:50:36.027000Z
1.1445400000000001,1.14457,1690000.0572,1009999.9905,2018-12-28T13:50:36.129000Z
1.14455,1.14457,1000000.0,1100000.0238,2018-12-28T13:50:36.555000Z
1.14453,1.14457,7349999.9046,1100000.0238,2018-12-28T13:50:36.607000Z
1.14453,1.14457,7099999.9046,1100000.0238,2018-12-28T13:50:36.762000Z
1.1445400000000001,1.14456,3369999.8856,1000000.0,2018-12-28T13:50:37.147000Z
1.1445400000000001,1.14457,1870000.0048,1870000.0048,2018-12-28T13:50:37.250000Z
1.1445400000000001,1.14458,1500000.0,1250000.0,2018-12-28T13:50:38.068000Z
1.14455,1.14458,1500000.0,1690000.0572,2018-12-28T13:50:40.076000Z
1.1445400000000001,1.14458,3190000.0572,1250000.0,2018-12-28T13:50:40.178000Z
1.14455,1.14458,1250000.0,1120000.0048,2018-12-28T13:50:40.717000Z
1.1445400000000001,1.14458,3190000.0572,1250000.0,2018-12-28T13:50:41.051000Z
1.1445400000000001,1.14458,6869999.8856,2319999.9332,2018-12-28T13:50:41.153000Z
1.14455,1.14459,3559999.9428,1950000.0477,2018-12-28T13:50:41.255000Z
1.14456,1.14459,1000000.0,2950000.0477,2018-12-28T13:50:41.358000Z
1.1445400000000001,1.14458,1299999.9523,3970000.0286,2018-12-28T13:50:41.491000Z
1.14453,1.14458,10159999.8474,1120000.0048,2018-12-28T13:50:41.901000Z
1.1445400000000001,1.14457,1250000.0,1250000.0,2018-12-28T13:50:42.057000Z
1.14453,1.14457,8659999.8474,1000000.0,2018-12-28T13:50:42.210000Z
1.1445400000000001,1.14457,1250000.0,1250000.0,2018-12-28T13:50:42.312000Z
1.14453,1.14458,8409999.8474,3819999.9332,2018-12-28T13:50:43.210000Z
1.14453,1.14458,5659999.8474,2700000.0477,2018-12-28T13:50:43.312000Z
1.14453,1.14458,4539999.9619,2349999.9046,2018-12-28T13:50:43.414000Z
1.14453,1.14458,4539999.9619,1950000.0477,2018-12-28T13:50:43.516000Z
1.14455,1.14457,1000000.0,1000000.0,2018-12-28T13:50:43.618000Z
1.1445400000000001,1.14458,1500000.0,5070000.1717,2018-12-28T13:50:44.375000Z
1.1445400000000001,1.14458,2250000.0,5070000.1717,2018-12-28T13:50:44.561000Z
1.1445400000000001,1.14457,2250000.0,1120000.0048,2018-12-28T13:50:44.742000Z
1.14453,1.14457,4719999.7902,3819999.9332,2018-12-28T13:50:45.583000Z
1.14453,1.14456,1000000.0,2440000.0572,2018-12-28T13:50:46.066000Z
1.1445100000000001,1.14456,2619999.8856,3940000.0572,2018-12-28T13:50:46.140000Z
1.1445200000000002,1.1445400000000001,1000000.0,1000000.0,2018-12-28T13:50:46.192000Z
1.1445100000000001,1.14455,2619999.8856,2509999.9905,2018-12-28T13:50:46.294000Z
1.1445100000000001,1.1445400000000001,3369999.8856,1000000.0,2018-12-28T13:50:46.943000Z
1.1445200000000002,1.1445400000000001,1000000.0,1000000.0,2018-12-28T13:50:47.076000Z
1.1445100000000001,1.14455,2250000.0,1950000.0477,2018-12-28T13:50:47.179000Z
1.1445200000000002,1.14455,1000000.0,1950000.0477,2018-12-28T13:50:48.391000Z
1.1445100000000001,1.14455,2440000.0572,1200000.0477,2018-12-28T13:50:48.629000Z
1.1445200000000002,1.14455,1000000.0,1009999.9905,2018-12-28T13:50:49.443000Z
1.1445100000000001,1.14456,3190000.0572,6719999.7902,2018-12-28T13:50:50.110000Z
1.1445200000000002,1.14455,1000000.0,1759999.9905,2018-12-28T13:50:50.726000Z
1.1445100000000001,1.14455,1500000.0,1000000.0,2018-12-28T13:50:50.830000Z
1.14453,1.14455,1620000.0048,1000000.0,2018-12-28T13:50:52.162000Z
1.1445400000000001,1.14456,1120000.0048,1200000.0477,2018-12-28T13:50:52.295000Z
1.1445400000000001,1.14457,1000000.0,1500000.0,2018-12-28T13:50:52.397000Z
1.14453,1.14458,4349999.9046,2140000.1049,2018-12-28T13:50:53.183000Z
1.1445400000000001,1.14457,1000000.0,1000000.0,2018-12-28T13:50:53.313000Z
1.14453,1.14458,4349999.9046,2509999.9905,2018-12-28T13:50:53.466000Z
1.14453,1.14456,1000000.0,1120000.0048,2018-12-28T13:50:53.715000Z
1.1445100000000001,1.14455,5000000.0,1500000.0,2018-12-28T13:50:53.854000Z
1.1445100000000001,1.14456,4809999.9428,6260000.2289,2018-12-28T13:50:53.957000Z
1.1445100000000001,1.14455,6119999.8856,1000000.0,2018-12-28T13:50:54.059000Z
1.1445200000000002,1.14455,5599999.9046,1000000.0,2018-12-28T13:50:54.281000Z
1.1445400000000001,1.14457,1000000.0,2059999.9428,2018-12-28T13:50:54.332000Z
1.14453,1.14457,5099999.9046,1620000.0048,2018-12-28T13:51:01.431000Z
1.14453,1.14457,7909999.8474,1000000.0,2018-12-28T13:51:03.234000Z
1.14453,1.14457,8789999.9619,1500000.0,2018-12-28T13:51:04.880000Z
1.14453,1.14457,8289999.9619,1620000.0048,2018-12-28T13:51:06.391000Z
1.14453,1.14457,7909999.8474,1000000.0,2018-12-28T13:51:06.512000Z
1.1445400000000001,1.14457,1500000.0,1000000.0,2018-12-28T13:51:07.034000Z
1.1445400000000001,1.14458,1500000.0,5320000.1717,2018-12-28T13:51:07.140000Z
1.14453,1.14458,8659999.8474,2319999.9332,2018-12-28T13:51:07.243000Z
1.1445400000000001,1.14458,1250000.0,2390000.1049,2018-12-28T13:51:07.383000Z
1.14453,1.14458,8289999.9619,3069999.9332,2018-12-28T13:51:07.525000Z
1.1445400000000001,1.14458,1000000.0,3069999.9332,2018-12-28T13:51:07.711000Z
1.14453,1.14457,10159999.8474,1000000.0,2018-12-28T13:51:07.873000Z
1.14455,1.14458,1000000.0,3140000.1049,2018-12-28T13:51:08.086000Z
1.14455,1.14458,1000000.0,4199999.8093,2018-12-28T13:51:08.189000Z
1.14456,1.14459,1500000.0,3750000.0,2018-12-28T13:51:10.344000Z
1.14455,1.14459,5289999.9619,1500000.0,2018-12-28T13:51:10.447000Z
1.14456,1.14459,2250000.0,2250000.0,2018-12-28T13:51:10.652000Z
1.14456,1.1446,1250000.0,3450000.0477,2018-12-28T13:51:10.923000Z
1.14456,1.14459,1250000.0,1000000.0,2018-12-28T13:51:11.179000Z
1.14456,1.1446,1250000.0,3559999.9428,2018-12-28T13:51:11.281000Z
1.14455,1.14459,4750000.0,1120000.0048,2018-12-28T13:51:11.433000Z
1.14455,1.14457,1000000.0,1000000.0,2018-12-28T13:51:11.577000Z
1.14453,1.14457,5500000.0,2250000.0,2018-12-28T13:51:11.679000Z
1.14453,1.14458,5869999.8856,3259999.9905,2018-12-28T13:51:12.038000Z
1.14455,1.14458,1250000.0,1000000.0,2018-12-28T13:51:12.209000Z
1.1445400000000001,1.14459,9100000.3815,1200000.0477,2018-12-28T13:51:12.311000Z
1.14456,1.1446,1000000.0,5320000.1717,2018-12-28T13:51:12.414000Z
1.14457,1.1446,1049999.9523,1570000.0525,2018-12-28T13:51:12.516000Z
1.14457,1.1446100000000001,1690000.0572,1309999.9428,2018-12-28T13:51:12.620000Z
1.14456,1.1446,4349999.9046,1000000.0,2018-12-28T13:51:13.142000Z
1.14456,1.1446,8689999.5804,1000000.0,2018-12-28T13:51:13.387000Z
1.14457,1.1446100000000001,3190000.0572,3220000.0286,2018-12-28T13:51:13.490000Z
1.14457,1.1446100000000001,6940000.0572,4119999.8856,2018-12-28T13:51:13.541000Z
1.14458,1.1446200000000002,1000000.0,10760000.2289,2018-12-28T13:51:13.912000Z
1.14459,1.1446200000000002,1000000.0,2700000.0477,2018-12-28T13:51:14.269000Z
1.14458,1.1446200000000002,6190000.0572,3000000.0,2018-12-28T13:51:14.371000Z
1.1446,1.1446200000000002,3369999.8856,1250000.0,2018-12-28T13:51:14.422000Z
1.14458,1.1446200000000002,1000000.0,10449999.8093,2018-12-28T13:51:14.537000Z
1.14457,1.1446100000000001,5059999.9428,1690000.0572,2018-12-28T13:51:14.792000Z
1.14458,1.1446100000000001,1000000.0,1690000.0572,2018-12-28T13:51:15.046000Z
1.14457,1.1446200000000002,5440000.0572,3700000.0477,2018-12-28T13:51:17.566000Z
1.14458,1.1446100000000001,1000000.0,1250000.0,2018-12-28T13:51:17.668000Z
1.14457,1.1446200000000002,8560000.4196,2950000.0477,2018-12-28T13:51:18.483000Z
1.14457,1.1446200000000002,7809999.9428,2200000.0477,2018-12-28T13:51:18.635000Z
1.14457,1.1446,6309999.9428,1000000.0,2018-12-28T13:51:18.953000Z
1.14457,1.1446,6309999.9428,1000000.0,2018-12-28T13:51:19.101000Z
1.14457,1.1446,5059999.9428,1000000.0,2018-12-28T13:51:19.852000Z
1.14458,1.1446,1000000.0,1000000.0,2018-12-28T13:51:20.126000Z
1.14457,1.1446,5440000.0572,1000000.0,2018-12-28T13:51:20.319000Z
1.14458,1.1446100000000001,1500000.0,1250000.0,2018-12-28T13:51:21.587000Z
1.14459,1.1446200000000002,1500000.0,4369999.8856,2018-12-28T13:51:22.587000Z
1.14459,1.1446200000000002,1120000.0048,1250000.0,2018-12-28T13:51:22.689000Z
1.14457,1.1446200000000002,4119999.8856,2509999.9905,2018-12-28T13:51:22.792000Z
1.14457,1.1446100000000001,2619999.8856,1000000.0,2018-12-28T13:51:23.054000Z
1.14458,1.1446100000000001,1250000.0,1250000.0,2018-12-28T13:51:24.630000Z
1.14459,1.1446200000000002,1000000.0,1000000.0,2018-12-28T13:51:25.763000Z
1.14458,1.1446200000000002,1000000.0,2890000.1049,2018-12-28T13:51:25.865000Z
1.14457,1.1446200000000002,9189999.5804,1389999.9857,2018-12-28T13:51:25.967000Z
1.14457,1.1446,9189999.5804,1000000.0,2018-12-28T13:51:26.070000Z
1.14457,1.1446200000000002,8439999.5804,2140000.1049,2018-12-28T13:51:26.122000Z
1.14457,1.1446100000000001,10689999.5804,1000000.0,2018-12-28T13:51:26.409000Z
1.14457,1.1446200000000002,6940000.0572,2140000.1049,2018-12-28T13:51:26.511000Z
1.14457,1.1446100000000001,11439999.5804,1000000.0,2018-12-28T13:51:26.749000Z
1.14457,1.1446200000000002,6940000.0572,2140000.1049,2018-12-28T13:51:26.851000Z
1.14457,1.1446100000000001,6190000.0572,1000000.0,2018-12-28T13:51:26.991000Z
1.14458,1.1446200000000002,1000000.0,2059999.9428,2018-12-28T13:51:27.144000Z
1.14458,1.1446100000000001,1500000.0,1250000.0,2018-12-28T13:51:27.297000Z
1.14458,1.1446200000000002,1000000.0,2059999.9428,2018-12-28T13:51:27.449000Z
1.14458,1.1446200000000002,1000000.0,3410000.0858,2018-12-28T13:51:28.157000Z
1.14458,1.1446200000000002,1000000.0,2890000.1049,2018-12-28T13:51:28.361000Z
1.14458,1.1446200000000002,1000000.0,3660000.0858,2018-12-28T13:51:29.849000Z
1.14458,1.1446200000000002,3000000.0,4500000.0,2018-12-28T13:51:29.951000Z
1.1446,1.1446200000000002,1000000.0,3069999.9332,2018-12-28T13:51:30.592000Z
1.14458,1.1446200000000002,1500000.0,2319999.9332,2018-12-28T13:51:30.644000Z
1.14458,1.1446100000000001,1000000.0,1000000.0,2018-12-28T13:51:30.848000Z
1.14459,1.1446200000000002,4309999.9428,1100000.0238,2018-12-28T13:51:33.370000Z
1.1446,1.14464,10720000.267,1600000.0238,2018-12-28T13:51:33.477000Z
1.1446100000000001,1.14465,4500000.0,3000000.0,2018-12-28T13:51:33.529000Z
1.1446100000000001,1.14464,5250000.0,1000000.0,2018-12-28T13:51:33.633000Z
1.1446100000000001,1.14464,6469999.7902,1000000.0,2018-12-28T13:51:34.042000Z
1.1446100000000001,1.14464,5469999.7902,1000000.0,2018-12-28T13:51:34.145000Z
1.1446100000000001,1.14465,5849999.9046,1000000.0,2018-12-28T13:51:34.247000Z
1.1446100000000001,1.14465,8720000.267,2250000.0,2018-12-28T13:51:34.450000Z
1.1446100000000001,1.14466,12029999.733,2470000.0286,2018-12-28T13:51:34.758000Z
1.14464,1.14468,6369999.8856,5260000.2289,2018-12-28T13:51:35.013000Z
1.14464,1.14468,12939999.5804,1000000.0,2018-12-28T13:51:35.147000Z
1.14464,1.14468,3000000.0,1250000.0,2018-12-28T13:51:35.251000Z
1.14464,1.14468,2619999.8856,1000000.0,2018-12-28T13:51:35.507000Z
1.14464,1.14467,2250000.0,1200000.0477,2018-12-28T13:51:35.660000Z
1.14464,1.14469,6369999.8856,8319999.6948,2018-12-28T13:51:38.869000Z
1.14464,1.14469,5619999.8856,7010000.2289,2018-12-28T13:51:38.979000Z
1.14464,1.14469,9500000.0,3369999.8856,2018-12-28T13:51:39.083000Z
1.14465,1.14469,1120000.0048,3890000.1049,2018-12-28T13:51:40.671000Z
1.14465,1.14469,1870000.0048,2619999.8856,2018-12-28T13:51:40.774000Z
1.14465,1.1447,1870000.0048,4760000.2289,2018-12-28T13:51:41.174000Z
1.14465,1.14469,1870000.0048,1690000.0572,2018-12-28T13:51:41.690000Z
1.14464,1.14468,13250000.0,1000000.0,2018-12-28T13:51:43.059000Z
1.14464,1.14469,10869999.8856,1690000.0572,2018-12-28T13:51:43.389000Z
1.14464,1.14469,6969999.7902,5539999.9619,2018-12-28T13:51:43.593000Z
1.14464,1.14469,6409999.8474,6360000.1335,2018-12-28T13:51:43.695000Z
1.14464,1.14469,5469999.7902,5550000.1907,2018-12-28T13:51:43.747000Z
1.14464,1.14468,13310000.4196,1000000.0,2018-12-28T13:51:44.028000Z
1.14464,1.14469,10869999.8856,2059999.9428,2018-12-28T13:51:44.131000Z
1.14465,1.14469,1950000.0477,2059999.9428,2018-12-28T13:51:44.655000Z
1.14465,1.14469,2059999.9428,2619999.8856,2018-12-28T13:51:44.757000Z
1.14465,1.1447,4309999.9428,6139999.8665,2018-12-28T13:51:45.012000Z
1.14465,1.1447,18409999.8474,1870000.0048,2018-12-28T13:51:45.138000Z
1.14466,1.1447100000000001,7119999.8856,9789999.9619,2018-12-28T13:51:45.240000Z
1.14466,1.1447100000000001,7369999.8856,7010000.2289,2018-12-28T13:51:45.342000Z
1.14466,1.1447100000000001,7119999.8856,7010000.2289,2018-12-28T13:51:45.495000Z
1.14466,1.1447,8250000.0,1000000.0,2018-12-28T13:51:45.597000Z
1.14466,1.1447100000000001,12409999.8474,1000000.0,2018-12-28T13:51:45.700000Z
1.14466,1.1447,9970000.267,1000000.0,2018-12-28T13:51:45.883000Z
1.14466,1.1447,9500000.0,1000000.0,2018-12-28T13:51:45.986000Z
1.14466,1.1447100000000001,8619999.8856,3190000.0572,2018-12-28T13:51:46.341000Z
1.14466,1.1447,10199999.8093,1000000.0,2018-12-28T13:51:46.444000Z
1.14466,1.1447100000000001,7760000.2289,5889999.8665,2018-12-28T13:51:46.546000Z
1.14466,1.1447,10569999.6948,1000000.0,2018-12-28T13:51:46.750000Z
1.14468,1.1447,1690000.0572,1000000.0,2018-12-28T13:51:46.801000Z
1.14469,1.14473,8890000.3433,1500000.0,2018-12-28T13:51:46.907000Z
1.14469,1.14473,12739999.7711,2250000.0,2018-12-28T13:51:47.010000Z
1.14469,1.1447200000000002,6369999.8856,1000000.0,2018-12-28T13:51:47.112000Z
1.14469,1.14473,1870000.0048,2250000.0,2018-12-28T13:51:47.215000Z
1.14468,1.1447200000000002,3000000.0,1500000.0,2018-12-28T13:51:47.363000Z
1.14468,1.14473,3369999.8856,11359999.6567,2018-12-28T13:51:47.466000Z
1.14468,1.1447200000000002,3369999.8856,1000000.0,2018-12-28T13:51:47.569000Z
1.14468,1.14473,4869999.8856,4909999.8474,2018-12-28T13:51:47.723000Z
1.14468,1.14473,4119999.8856,5699999.8093,2018-12-28T13:51:47.825000Z
1.14468,1.14473,5500000.0,2160000.0858,2018-12-28T13:51:48.021000Z
1.14469,1.14473,3640000.1049,1690000.0572,2018-12-28T13:51:48.123000Z
1.14469,1.14473,1570000.0525,4940000.0572,2018-12-28T13:51:50.246000Z
1.14468,1.1447200000000002,3000000.0,1000000.0,2018-12-28T13:51:50.348000Z
1.14469,1.14473,1620000.0048,2920000.0763,2018-12-28T13:51:50.399000Z
1.1447100000000001,1.14474,1350000.0238,2250000.0,2018-12-28T13:51:52.857000Z
1.1447100000000001,1.14474,2000000.0,1000000.0,2018-12-28T13:51:52.960000Z
1.1447100000000001,1.1447500000000002,1500000.0,4199999.8093,2018-12-28T13:51:53.063000Z
1.1447,1.14474,1120000.0048,1250000.0,2018-12-28T13:51:53.115000Z
1.1447,1.14473,1120000.0048,1250000.0,2018-12-28T13:51:53.391000Z
1.14469,1.14474,4059999.9428,2140000.1049,2018-12-28T13:51:53.493000Z
1.14469,1.14473,5940000.0572,1000000.0,2018-12-28T13:51:53.798000Z
1.14474,1.1447500000000002,3750000.0,1000000.0,2018-12-28T13:51:54.311000Z
1.1447500000000002,1.14476,1870000.0048,1000000.0,2018-12-28T13:51:54.363000Z
1.14476,1.14478,2619999.8856,1000000.0,2018-12-28T13:51:54.415000Z
1.1447500000000002,1.14478,5320000.1717,1000000.0,2018-12-28T13:51:54.517000Z
1.14474,1.14479,1250000.0,5389999.8665,2018-12-28T13:51:54.619000Z
1.14474,1.14479,1350000.0238,6739999.7711,2018-12-28T13:51:54.721000Z
1.14474,1.14477,1500000.0,1250000.0,2018-12-28T13:51:55.266000Z
1.14474,1.14478,1500000.0,1759999.9905,2018-12-28T13:51:55.368000Z
1.1447500000000002,1.14479,1620000.0048,2140000.1049,2018-12-28T13:51:55.420000Z
1.14477,1.14481,2470000.0286,3190000.0572,2018-12-28T13:51:55.522000Z
1.14477,1.14481,2809999.9428,3319999.9332,2018-12-28T13:51:55.671000Z
1.14477,1.14481,1870000.0048,5320000.1717,2018-12-28T13:51:55.722000Z
1.14477,1.14481,5199999.8093,1500000.0,2018-12-28T13:51:55.824000Z
1.14479,1.1448200000000002,1500000.0,1690000.0572,2018-12-28T13:51:56.531000Z
1.1448,1.14483,1500000.0,2250000.0,2018-12-28T13:51:56.634000Z
1.1448200000000002,1.14484,1000000.0,1000000.0,2018-12-28T13:51:56.755000Z
1.1448200000000002,1.14486,3559999.9428,1759999.9905,2018-12-28T13:51:56.858000Z
1.14484,1.14488,1000000.0,2309999.9428,2018-12-28T13:51:56.960000Z
1.1448500000000001,1.14488,1000000.0,1000000.0,2018-12-28T13:51:57.012000Z
1.14484,1.14489,2319999.9332,2700000.0477,2018-12-28T13:51:57.152000Z
1.1448500000000001,1.14489,1000000.0,1690000.0572,2018-12-28T13:51:57.306000Z
1.14486,1.14489,1000000.0,2059999.9428,2018-12-28T13:51:57.459000Z
1.1448500000000001,1.14489,1000000.0,2059999.9428,2018-12-28T13:51:57.561000Z
1.14486,1.14489,1000000.0,2809999.9428,2018-12-28T13:51:57.665000Z
1.1448500000000001,1.14489,1500000.0,2059999.9428,2018-12-28T13:51:57.767000Z
1.1448500000000001,1.14489,1000000.0,1809999.9428,2018-12-28T13:51:57.869000Z
1.14484,1.14488,4690000.0572,1000000.0,2018-12-28T13:51:57.972000Z
1.14484,1.14489,2809999.9428,1690000.0572,2018-12-28T13:51:58.075000Z
1.1448500000000001,1.14489,1250000.0,5539999.9619,2018-12-28T13:51:58.179000Z
1.1448500000000001,1.14489,1000000.0,4789999.9619,2018-12-28T13:51:58.282000Z
1.14484,1.14489,5889999.8665,5550000.1907,2018-12-28T13:51:58.385000Z
1.14484,1.14489,4510000.2289,4489999.7711,2018-12-28T13:51:58.803000Z
1.14488,1.1449,1500000.0,1200000.0477,2018-12-28T13:51:58.957000Z
1.14489,1.14491,1000000.0,1000000.0,2018-12-28T13:51:59.060000Z
1.14489,1.14494,1500000.0,5000000.0,2018-12-28T13:51:59.263000Z
1.14489,1.14494,6500000.0,1250000.0,2018-12-28T13:51:59.366000Z
1.14493,1.1449500000000001,1000000.0,1870000.0048,2018-12-28T13:51:59.418000Z
1.14491,1.1449600000000002,8359999.6567,1500000.0,2018-12-28T13:51:59.469000Z
1.1449200000000002,1.1449600000000002,3500000.0,1940000.0572,2018-12-28T13:51:59.572000Z
1.14493,1.1449799999999999,2250000.0,6199999.8093,2018-12-28T13:51:59.687000Z
1.14493,1.1449799999999999,7809999.9428,2390000.1049,2018-12-28T13:51:59.840000Z
1.14494,1.1449799999999999,1309999.9428,2390000.1049,2018-12-28T13:52:00.044000Z
1.14493,1.14499,4809999.9428,2450000.0477,2018-12-28T13:52:00.146000Z
1.14494,1.14499,2000000.0,1259999.9905,2018-12-28T13:52:00.252000Z
1.14493,1.1449500000000001,4199999.8093,1000000.0,2018-12-28T13:52:00.663000Z
1.14494,1.14497,1000000.0,3819999.9332,2018-12-28T13:52:00.766000Z
1.14493,1.14499,6820000.1717,6909999.8474,2018-12-28T13:52:00.869000Z
1.14494,1.14499,1500000.0,4320000.1717,2018-12-28T13:52:00.971000Z
1.14494,1.14499,2250000.0,3950000.0477,2018-12-28T13:52:01.074000Z
1.1449600000000002,1.145,1000000.0,4039999.9619,2018-12-28T13:52:01.125000Z
1.1449600000000002,1.145,2059999.9428,3190000.0572,2018-12-28T13:52:01.229000Z
1.1449600000000002,1.145,3309999.9428,1000000.0,2018-12-28T13:52:01.331000Z
1.1449600000000002,1.145,2250000.0,1940000.0572,2018-12-28T13:52:01.434000Z
1.14497,1.145,2869999.8856,1000000.0,2018-12-28T13:52:01.587000Z
1.14497,1.145,3190000.0572,1000000.0,2018-12-28T13:52:01.712000Z
1.1449799999999999,1.1450200000000001,1870000.0048,1370000.0048,2018-12-28T13:52:01.814000Z
1.14499,1.14503,1000000.0,5699999.8093,2018-12-28T13:52:01.865000Z
1.1449799999999999,1.14503,1870000.0048,1950000.0477,2018-12-28T13:52:01.967000Z
1.14499,1.14503,1000000.0,2700000.0477,2018-12-28T13:52:02.070000Z
1.1449799999999999,1.145,1000000.0,1000000.0,2018-12-28T13:52:02.385000Z
1.1449600000000002,1.1449799999999999,1120000.0048,1000000.0,2018-12-28T13:52:02.488000Z
1.1449500000000001,1.145,5000000.0,1250000.0,2018-12-28T13:52:02.590000Z
1.1449500000000001,1.145,2190000.0572,2890000.1049,2018-12-28T13:52:02.692000Z
1.14497,1.145,1809999.9428,1000000.0,2018-12-28T13:52:04.314000Z
1.14497,1.14501,2940000.0572,1100000.0238,2018-12-28T13:52:04.417000Z
1.14497,1.145,3119999.8856,1500000.0,2018-12-28T13:52:04.724000Z
1.1449600000000002,1.14499,1000000.0,1500000.0,2018-12-28T13:52:04.826000Z
1.1449500000000001,1.1449799999999999,1250000.0,1200000.0477,2018-12-28T13:52:06.086000Z
1.14494,1.1449600000000002,2440000.0572,1000000.0,2018-12-28T13:52:06.190000Z
1.14491,1.14494,3369999.8856,1000000.0,2018-12-28T13:52:06.243000Z
1.1449,1.14494,3000000.0,3559999.9428,2018-12-28T13:52:06.333000Z
1.14489,1.14493,1120000.0048,1000000.0,2018-12-28T13:52:06.436000Z
1.14489,1.14494,2440000.0572,4389999.8665,2018-12-28T13:52:06.590000Z
1.1449500000000001,1.1449600000000002,9939999.5804,2250000.0,2018-12-28T13:52:06.694000Z
1.14497,1.14501,1000000.0,8760000.2289,2018-12-28T13:52:06.790000Z
1.1449500000000001,1.145,1500000.0,3450000.0477,2018-12-28T13:52:06.842000Z
1.1449500000000001,1.14497,1250000.0,2250000.0,2018-12-28T13:52:06.944000Z
1.14491,1.1449500000000001,1500000.0,1000000.0,2018-12-28T13:52:07.047000Z
1.1449,1.1449500000000001,3640000.1049,1870000.0048,2018-12-28T13:52:07.714000Z
1.1449,1.1449500000000001,2440000.0572,1870000.0048,2018-12-28T13:52:08.356000Z
1.14491,1.1449500000000001,1000000.0,5440000.0572,2018-12-28T13:52:08.896000Z
1.1449200000000002,1.1449500000000001,1000000.0,1309999.9428,2018-12-28T13:52:08.999000Z
1.1449,1.1449500000000001,6139999.8665,1000000.0,2018-12-28T13:52:09.101000Z
1.1449200000000002,1.1449600000000002,1250000.0,5449999.8093,2018-12-28T13:52:09.254000Z
1.14491,1.1449600000000002,4949999.8093,6889999.8665,2018-12-28T13:52:09.356000Z
1.14491,1.1449500000000001,1750000.0,1100000.0238,2018-12-28T13:52:10.123000Z
1.14491,1.1449500000000001,1500000.0,1100000.0238,2018-12-28T13:52:10.226000Z
1.1449,1.14493,4949999.8093,2440000.0572,2018-12-28T13:52:10.509000Z
1.14487,1.14491,1000000.0,5139999.8665,2018-12-28T13:52:10.613000Z
1.14486,1.14491,1309999.9428,5599999.9046,2018-12-28T13:52:10.715000Z
1.14487,1.14491,1000000.0,4820000.1717,2018-12-28T13:52:10.971000Z
1.14486,1.14491,1000000.0,3890000.1049,2018-12-28T13:52:11.124000Z
1.14486,1.14491,3940000.0572,1309999.9428,2018-12-28T13:52:11.277000Z
1.14486,1.14491,4500000.0,3059999.9428,2018-12-28T13:52:11.380000Z
1.14486,1.14491,4690000.0572,2119999.8856,2018-12-28T13:52:11.835000Z
1.14487,1.14491,1000000.0,5869999.8856,2018-12-28T13:52:11.939000Z
1.14486,1.14491,3190000.0572,2119999.8856,2018-12-28T13:52:12.194000Z
1.14488,1.1449200000000002,1000000.0,2390000.1049,2018-12-28T13:52:12.296000Z
1.14486,1.14491,4690000.0572,1750000.0,2018-12-28T13:52:12.426000Z
1.14487,1.14491,1000000.0,1370000.0048,2018-12-28T13:52:12.713000Z
1.14487,1.14491,2440000.0572,3559999.9428,2018-12-28T13:52:13.403000Z
1.14487,1.14491,2809999.9428,1250000.0,2018-12-28T13:52:13.556000Z
1.14487,1.14491,2059999.9428,1000000.0,2018-12-28T13:52:13.674000Z
1.14487,1.14491,1309999.9428,1750000.0,2018-12-28T13:52:13.725000Z
1.14487,1.14491,1309999.9428,1250000.0,2018-12-28T13:52:13.827000Z
1.14487,1.14491,1309999.9428,1250000.0,2018-12-28T13:52:13.930000Z
1.14487,1.14491,2809999.9428,3250000.0,2018-12-28T13:52:14.042000Z
1.14488,1.1449200000000002,1000000.0,2119999.8856,2018-12-28T13:52:14.145000Z
1.14488,1.1449200000000002,1000000.0,5119999.8856,2018-12-28T13:52:14.247000Z
1.14487,1.14491,1889999.9857,1250000.0,2018-12-28T13:52:14.401000Z
1.14487,1.14491,1250000.0,1250000.0,2018-12-28T13:52:14.503000Z
1.14488,1.14491,1500000.0,1250000.0,2018-12-28T13:52:14.606000Z
1.14487,1.14491,1250000.0,1350000.0238,2018-12-28T13:52:14.720000Z
1.14487,1.1449200000000002,4389999.8665,3700000.0477,2018-12-28T13:52:14.823000Z
1.14488,1.1449200000000002,1500000.0,1250000.0,2018-12-28T13:52:14.926000Z
1.14491,1.14494,1000000.0,1500000.0,2018-12-28T13:52:15.030000Z
1.14491,1.1449500000000001,1159999.9666,2809999.9428,2018-12-28T13:52:15.150000Z
1.1449200000000002,1.1449600000000002,2099999.9046,4369999.8856,2018-12-28T13:52:15.253000Z
1.14493,1.1449600000000002,1000000.0,2509999.9905,2018-12-28T13:52:15.355000Z
1.14493,1.14497,1000000.0,5139999.8665,2018-12-28T13:52:15.457000Z
1.14494,1.1449799999999999,2250000.0,2809999.9428,2018-12-28T13:52:15.560000Z
1.1449500000000001,1.14499,1000000.0,2369999.8856,2018-12-28T13:52:15.763000Z
1.1449600000000002,1.14499,1000000.0,2950000.0477,2018-12-28T13:52:15.865000Z
1.1449500000000001,1.145,1690000.0572,4349999.9046,2018-12-28T13:52:15.916000Z
1.1449500000000001,1.145,1250000.0,7570000.1717,2018-12-28T13:52:16.528000Z
1.14497,1.145,1299999.9523,3450000.0477,2018-12-28T13:52:16.937000Z
1.14497,1.1450200000000001,1750000.0,3390000.1049,2018-12-28T13:52:17.040000Z
1.1449799999999999,1.14503,3190000.0572,3640000.1049,2018-12-28T13:52:17.193000Z
1.1449799999999999,1.14503,4539999.9619,1750000.0,2018-12-28T13:52:17.338000Z
1.1449799999999999,1.14503,4539999.9619,1250000.0,2018-12-28T13:52:17.441000Z
1.1449799999999999,1.14503,4539999.9619,1250000.0,2018-12-28T13:52:17.545000Z
1.1449799999999999,1.14504,4610000.1335,6289999.9619,2018-12-28T13:52:17.648000Z
1.14499,1.14503,1000000.0,1250000.0,2018-12-28T13:52:17.750000Z
1.14497,1.1449799999999999,2140000.1049,1870000.0048,2018-12-28T13:52:17.963000Z
1.14494,1.1449600000000002,1000000.0,1000000.0,2018-12-28T13:52:18.015000Z
1.1449200000000002,1.14497,6820000.1717,1309999.9428,2018-12-28T13:52:18.118000Z
1.14494,1.1449799999999999,1870000.0048,2440000.0572,2018-12-28T13:52:18.324000Z
1.1449500000000001,1.14499,1000000.0,3200000.0477,2018-12-28T13:52:18.466000Z
1.14494,1.14499,4070000.1717,1200000.0477,2018-12-28T13:52:18.670000Z
1.14494,1.14499,4820000.1717,1259999.9905,2018-12-28T13:52:18.874000Z
1.14494,1.14499,1000000.0,2309999.9428,2018-12-28T13:52:19.031000Z
1.14494,1.14499,1299999.9523,3539999.9619,2018-12-28T13:52:19.490000Z
1.14494,1.1449799999999999,2470000.0286,1009999.9905,2018-12-28T13:52:19.592000Z
1.14494,1.14499,1299999.9523,3539999.9619,2018-12-28T13:52:20.204000Z
1.14494,1.14499,1299999.9523,3539999.9619,2018-12-28T13:52:20.573000Z
1.14494,1.14499,1720000.0286,4289999.9619,2018-12-28T13:52:21.090000Z
1.14494,1.14499,1350000.0238,3000000.0,2018-12-28T13:52:21.193000Z
1.14494,1.1449799999999999,2849999.9046,1000000.0,2018-12-28T13:52:21.295000Z
1.14494,1.14499,2470000.0286,1500000.0,2018-12-28T13:52:21.401000Z
1.14494,1.1449799999999999,1120000.0048,1500000.0,2018-12-28T13:52:21.556000Z
1.14494,1.1449799999999999,2250000.0,1120000.0048,2018-12-28T13:52:21.659000Z
1.14494,1.14497,1120000.0048,2559999.9428,2018-12-28T13:52:21.968000Z
1.1449,1.14491,1000000.0,1500000.0,2018-12-28T13:52:22.118000Z
1.14487,1.14491,1250000.0,3369999.8856,2018-12-28T13:52:22.220000Z
1.14486,1.1449,7670000.0763,1000000.0,2018-12-28T13:52:22.327000Z
1.14486,1.14491,3190000.0572,5619999.8856,2018-12-28T13:52:22.480000Z
1.14486,1.14491,5389999.8665,3819999.9332,2018-12-28T13:52:24.765000Z
1.14487,1.1449200000000002,5309999.9428,3450000.0477,2018-12-28T13:52:25.010000Z
1.14488,1.1449200000000002,4369999.8856,1000000.0,2018-12-28T13:52:25.112000Z
1.14489,1.14494,2250000.0,8250000.0,2018-12-28T13:52:25.995000Z
1.14489,1.14494,3750000.0,6260000.2289,2018-12-28T13:52:27.557000Z
1.14489,1.14493,2250000.0,1000000.0,2018-12-28T13:52:29.575000Z
1.14489,1.14494,2250000.0,6369999.8856,2018-12-28T13:52:29.677000Z
1.14489,1.14494,2720000.0286,7690000.0572,2018-12-28T13:52:29.779000Z
1.14489,1.1449200000000002,3099999.9046,1000000.0,2018-12-28T13:52:29.883000Z
1.14489,1.14493,1500000.0,1690000.0572,2018-12-28T13:52:30.141000Z
1.14489,1.14494,1100000.0238,6369999.8856,2018-12-28T13:52:30.295000Z
1.14489,1.14494,1100000.0238,7940000.0572,2018-12-28T13:52:30.497000Z
1.14489,1.14491,1000000.0,1000000.0,2018-12-28T13:52:31.101000Z
1.14486,1.14489,2700000.0477,1690000.0572,2018-12-28T13:52:31.204000Z
1.14488,1.1449,1000000.0,1000000.0,2018-12-28T13:52:32.783000Z
1.14488,1.14491,1000000.0,6940000.0572,2018-12-28T13:52:32.886000Z
1.14489,1.1449200000000002,1000000.0,1120000.0048,2018-12-28T13:52:33.389000Z
1.14488,1.1449,2619999.8856,1250000.0,2018-12-28T13:52:34.157000Z
1.14488,1.14491,1500000.0,2619999.8856,2018-12-28T13:52:34.693000Z
1.14489,1.14491,1000000.0,3369999.8856,2018-12-28T13:52:34.796000Z
1.14489,1.1449200000000002,1000000.0,1570000.0525,2018-12-28T13:52:34.898000Z
1.14488,1.1449200000000002,3490000.0095,1000000.0,2018-12-28T13:52:35.052000Z
1.14489,1.14493,1000000.0,2369999.8856,2018-12-28T13:52:35.266000Z
1.14488,1.14493,5469999.7902,1809999.9428,2018-12-28T13:52:35.470000Z
1.14489,1.14493,1690000.0572,1120000.0048,2018-12-28T13:52:35.712000Z
1.1449200000000002,1.14493,1500000.0,1000000.0,2018-12-28T13:52:35.815000Z
1.1449200000000002,1.1449500000000001,1500000.0,1000000.0,2018-12-28T13:52:35.867000Z
1.14491,1.1449500000000001,5889999.8665,1000000.0,2018-12-28T13:52:36.528000Z
1.14493,1.14497,1500000.0,1500000.0,2018-12-28T13:52:36.580000Z
1.14494,1.14497,1500000.0,1000000.0,2018-12-28T13:52:36.684000Z
1.14493,1.14497,1500000.0,1250000.0,2018-12-28T13:52:36.787000Z
1.1449200000000002,1.14494,3599999.9046,1000000.0,2018-12-28T13:52:36.890000Z
1.1449,1.14494,2619999.8856,1500000.0,2018-12-28T13:52:36.942000Z
1.1449,1.14494,4309999.9428,1120000.0048,2018-12-28T13:52:37.083000Z
1.1449,1.1449500000000001,5139999.8665,3450000.0477,2018-12-28T13:52:37.185000Z
1.1449,1.1449500000000001,7190000.0572,1120000.0048,2018-12-28T13:52:37.441000Z
1.1449,1.14494,2319999.9332,1000000.0,2018-12-28T13:52:37.703000Z
1.14489,1.14494,8319999.6948,1870000.0048,2018-12-28T13:52:38.132000Z
1.14489,1.14493,4119999.8856,1000000.0,2018-12-28T13:52:38.869000Z
1.14488,1.1449200000000002,3640000.1049,3599999.9046,2018-12-28T13:52:39.023000Z
1.14488,1.14489,1200000.0477,1000000.0,2018-12-28T13:52:39.075000Z
1.1448500000000001,1.14489,1620000.0048,1870000.0048,2018-12-28T13:52:39.263000Z
1.1448500000000001,1.14489,5059999.9428,1000000.0,2018-12-28T13:52:39.520000Z
1.14486,1.1449,1000000.0,1000000.0,2018-12-28T13:52:39.572000Z
1.14487,1.14491,2059999.9428,7309999.9428,2018-12-28T13:52:40.206000Z
1.14487,1.1449200000000002,1909999.9666,8920000.0763,2018-12-28T13:52:40.338000Z
1.14488,1.1449200000000002,1120000.0048,2000000.0,2018-12-28T13:52:40.440000Z
1.14488,1.1449200000000002,1120000.0048,1309999.9428,2018-12-28T13:52:40.848000Z
1.14489,1.14493,1000000.0,8720000.267,2018-12-28T13:52:41.464000Z
1.14487,1.14493,6119999.8856,2140000.1049,2018-12-28T13:52:42.285000Z
1.14489,1.14493,1000000.0,2809999.9428,2018-12-28T13:52:42.642000Z
1.14489,1.14491,1000000.0,1000000.0,2018-12-28T13:52:43.782000Z
1.14488,1.14491,3000000.0,2250000.0,2018-12-28T13:52:45.501000Z
1.14489,1.14491,1000000.0,2250000.0,2018-12-28T13:52:45.654000Z
1.14488,1.14491,2809999.9428,2250000.0,2018-12-28T13:52:45.791000Z
1.14489,1.14491,1000000.0,1000000.0,2018-12-28T13:52:47.871000Z
1.14487,1.1449,1000000.0,3940000.0572,2018-12-28T13:52:48.075000Z
1.14486,1.1449,1250000.0,3940000.0572,2018-12-28T13:52:48.177000Z
1.14487,1.1449,1000000.0,1500000.0,2018-12-28T13:52:49.469000Z
1.14487,1.14491,4750000.0,1000000.0,2018-12-28T13:52:49.571000Z
1.14487,1.1449,1500000.0,1000000.0,2018-12-28T13:52:50.372000Z
1.14486,1.14489,1100000.0238,1000000.0,2018-12-28T13:52:50.498000Z
1.14486,1.14488,1250000.0,1000000.0,2018-12-28T13:52:50.702000Z
1.1448500000000001,1.14488,3670000.0763,1000000.0,2018-12-28T13:52:50.804000Z
1.1448500000000001,1.14489,3190000.0572,1000000.0,2018-12-28T13:52:50.907000Z
1.1448500000000001,1.1449,4869999.8856,3750000.0,2018-12-28T13:52:51.092000Z
1.14487,1.1449,2440000.0572,1000000.0,2018-12-28T13:52:51.144000Z
1.14487,1.14491,6099999.9046,1120000.0048,2018-12-28T13:52:51.246000Z
1.14488,1.14491,1750000.0,1000000.0,2018-12-28T13:52:51.988000Z
1.14491,1.14494,2109999.8951,1120000.0048,2018-12-28T13:52:52.500000Z
1.1449200000000002,1.1449500000000001,1690000.0572,3750000.0,2018-12-28T13:52:52.602000Z
1.1449200000000002,1.1449600000000002,4559999.9428,4500000.0,2018-12-28T13:52:55.045000Z
1.14494,1.1449600000000002,1250000.0,3750000.0,2018-12-28T13:52:56.972000Z
1.14493,1.1449600000000002,5010000.2289,3750000.0,2018-12-28T13:52:57.278000Z
1.14494,1.14497,1250000.0,2250000.0,2018-12-28T13:52:57.644000Z
1.1449500000000001,1.14497,1250000.0,2250000.0,2018-12-28T13:52:57.849000Z
1.14494,1.1449799999999999,7949999.8093,1870000.0048,2018-12-28T13:52:58.055000Z
1.14494,1.1449799999999999,8159999.8474,1000000.0,2018-12-28T13:52:58.159000Z
1.14494,1.1449799999999999,2619999.8856,1120000.0048,2018-12-28T13:52:58.465000Z
1.14494,1.1449799999999999,5000000.0,3000000.0,2018-12-28T13:52:58.736000Z
1.1449600000000002,1.1449799999999999,1250000.0,1870000.0048,2018-12-28T13:52:59.093000Z
1.1449500000000001,1.14497,2250000.0,1000000.0,2018-12-28T13:52:59.242000Z
1.1449500000000001,1.1449799999999999,1500000.0,1870000.0048,2018-12-28T13:52:59.294000Z
1.14497,1.1449799999999999,1250000.0,1120000.0048,2018-12-28T13:52:59.447000Z
1.1449600000000002,1.14499,1250000.0,1000000.0,2018-12-28T13:52:59.549000Z
1.14497,1.14499,1250000.0,1500000.0,2018-12-28T13:53:00.054000Z
1.1449600000000002,1.1449799999999999,1250000.0,1000000.0,2018-12-28T13:53:00.157000Z
1.1449600000000002,1.14499,1000000.0,3369999.8856,2018-12-28T13:53:01.238000Z
1.14497,1.14499,1250000.0,1250000.0,2018-12-28T13:53:01.876000Z
1.1449500000000001,1.14497,1500000.0,1000000.0,2018-12-28T13:53:01.979000Z
1.14494,1.14497,1690000.0572,1000000.0,2018-12-28T13:53:02.185000Z
1.1449500000000001,1.14499,2440000.0572,1309999.9428,2018-12-28T13:53:03.115000Z
