,bid,ask,bid_vol,ask_vol,time
0,1.16877,1.1688,1200000.0477,2700000.0477,2018-05-31T12:45:00.520000Z
1,1.16879,1.1688100000000001,1500000.0,1200000.0477,2018-05-31T12:45:00.822000Z
2,1.16878,1.1688200000000002,1759999.9905,5699999.8093,2018-05-31T12:45:00.926000Z
3,1.16877,1.1688,4010000.2289,1000000.0,2018-05-31T12:45:01.134000Z
4,1.16876,1.16878,1200000.0477,1500000.0,2018-05-31T12:45:01.617000Z
5,1.16873,1.16877,6789999.9619,4570000.1717,2018-05-31T12:45:01.773000Z
6,1.16875,1.16877,2059999.9428,1000000.0,2018-05-31T12:45:01.931000Z
7,1.1687400000000001,1.16877,1120000.0048,2319999.9332,2018-05-31T12:45:02.191000Z
8,1.16873,1.16876,1200000.0477,1200000.0477,2018-05-31T12:45:02.295000Z
9,1.1687200000000002,1.16875,6840000.1526,1000000.0,2018-05-31T12:45:02.807000Z
10,1.1687200000000002,1.16876,4570000.1717,1100000.0238,2018-05-31T12:45:03.326000Z
11,1.1687200000000002,1.16875,4570000.1717,1000000.0,2018-05-31T12:45:03.875000Z
12,1.16873,1.16875,1100000.0238,1950000.0477,2018-05-31T12:45:04.444000Z
13,1.16868,1.1687,1500000.0,1000000.0,2018-05-31T12:45:04.838000Z
14,1.16866,1.16869,1100000.0238,1000000.0,2018-05-31T12:45:05.007000Z
15,1.16866,1.16868,1000000.0,1000000.0,2018-05-31T12:45:05.593000Z
16,1.16865,1.1687,5139999.8665,2700000.0477,2018-05-31T12:45:06.114000Z
17,1.16865,1.16867,12630000.1144,1000000.0,2018-05-31T12:45:06.625000Z
18,1.1686200000000002,1.16865,1500000.0,4050000.1907,2018-05-31T12:45:06.786000Z
19,1.1686200000000002,1.16863,1000000.0,1250000.0,2018-05-31T12:45:06.994000Z
20,1.1686,1.16863,6449999.8093,1000000.0,2018-05-31T12:45:07.047000Z
21,1.1686,1.1686200000000002,5059999.9428,1000000.0,2018-05-31T12:45:07.889000Z
22,1.1686,1.16863,4690000.0572,1100000.0238,2018-05-31T12:45:08.430000Z
23,1.1686,1.1686200000000002,2140000.1049,1200000.0477,2018-05-31T12:45:09.147000Z
24,1.16859,1.1686,5699999.8093,1500000.0,2018-05-31T12:45:09.205000Z
25,1.16856,1.16859,2250000.0,1100000.0238,2018-05-31T12:45:09.257000Z
26,1.16856,1.16858,1200000.0477,1200000.0477,2018-05-31T12:45:09.796000Z
27,1.1685100000000002,1.16854,1500000.0,1200000.0477,2018-05-31T12:45:10.053000Z
28,1.1685100000000002,1.1685200000000002,2140000.1049,1000000.0,2018-05-31T12:45:11.107000Z
29,1.1685,1.1685200000000002,5809999.9428,1200000.0477,2018-05-31T12:45:11.387000Z
30,1.1685,1.16853,4760000.2289,1000000.0,2018-05-31T12:45:11.440000Z
31,1.1685100000000002,1.1685200000000002,1690000.0572,1000000.0,2018-05-31T12:45:11.943000Z
32,1.1685,1.1685200000000002,1570000.0525,1100000.0238,2018-05-31T12:45:12.451000Z
33,1.16849,1.1685200000000002,7869999.8856,1100000.0238,2018-05-31T12:45:13.667000Z
34,1.1685,1.1685100000000002,1690000.0572,1100000.0238,2018-05-31T12:45:14.206000Z
35,1.1685,1.1685200000000002,1190000.0572,1100000.0238,2018-05-31T12:45:14.712000Z
36,1.16849,1.1685200000000002,4500000.0,1570000.0525,2018-05-31T12:45:15.085000Z
37,1.16849,1.16853,7500000.0,3069999.9332,2018-05-31T12:45:15.621000Z
38,1.1685,1.1685200000000002,1000000.0,2700000.0477,2018-05-31T12:45:15.827000Z
39,1.1685,1.1685200000000002,1250000.0,1200000.0477,2018-05-31T12:45:16.367000Z
40,1.1685,1.1685100000000002,7010000.2289,1000000.0,2018-05-31T12:45:16.882000Z
41,1.1685,1.1685200000000002,4309999.9428,1000000.0,2018-05-31T12:45:17.432000Z
42,1.16849,1.1685100000000002,4539999.9619,2250000.0,2018-05-31T12:45:17.691000Z
43,1.1685,1.1685200000000002,1250000.0,2319999.9332,2018-05-31T12:45:18.230000Z
44,1.1684700000000001,1.16849,1000000.0,1870000.0048,2018-05-31T12:45:18.438000Z
45,1.16844,1.16846,7570000.1717,1000000.0,2018-05-31T12:45:18.741000Z
46,1.16844,1.16848,7389999.8665,1200000.0477,2018-05-31T12:45:19.001000Z
47,1.16844,1.16845,1309999.9428,1000000.0,2018-05-31T12:45:19.352000Z
48,1.16843,1.16845,1000000.0,1570000.0525,2018-05-31T12:45:19.923000Z
49,1.1684100000000002,1.16844,3640000.1049,1000000.0,2018-05-31T12:45:20.442000Z
50,1.1684100000000002,1.16844,1759999.9905,1500000.0,2018-05-31T12:45:20.495000Z
51,1.1684100000000002,1.16843,1120000.0048,1500000.0,2018-05-31T12:45:20.998000Z
52,1.1684,1.1684200000000002,4949999.8093,1000000.0,2018-05-31T12:45:21.307000Z
53,1.1684,1.16843,1200000.0477,2619999.8856,2018-05-31T12:45:21.513000Z
54,1.16839,1.1684100000000002,1950000.0477,1250000.0,2018-05-31T12:45:21.731000Z
55,1.1683700000000001,1.1684,1450000.0477,1120000.0048,2018-05-31T12:45:21.834000Z
56,1.16835,1.16838,1950000.0477,1190000.0572,2018-05-31T12:45:22.195000Z
57,1.16835,1.16836,1100000.0238,1000000.0,2018-05-31T12:45:22.257000Z
58,1.16834,1.16836,2700000.0477,1000000.0,2018-05-31T12:45:22.809000Z
59,1.16834,1.16835,1690000.0572,1000000.0,2018-05-31T12:45:23.242000Z
60,1.1683700000000001,1.1684,4119999.8856,1620000.0048,2018-05-31T12:45:23.346000Z
61,1.16839,1.1684200000000002,1000000.0,1950000.0477,2018-05-31T12:45:23.504000Z
62,1.16838,1.1684100000000002,3150000.0954,1000000.0,2018-05-31T12:45:24.016000Z
63,1.16838,1.1684,1120000.0048,1000000.0,2018-05-31T12:45:24.557000Z
64,1.16839,1.1684200000000002,3640000.1049,1870000.0048,2018-05-31T12:45:24.664000Z
65,1.1684100000000002,1.1684200000000002,1000000.0,1000000.0,2018-05-31T12:45:24.833000Z
66,1.16839,1.1684,1000000.0,1000000.0,2018-05-31T12:45:25.344000Z
67,1.16838,1.1684,1000000.0,1870000.0048,2018-05-31T12:45:25.858000Z
68,1.1683700000000001,1.16838,1000000.0,1000000.0,2018-05-31T12:45:26.480000Z
69,1.16836,1.16839,3069999.9332,1870000.0048,2018-05-31T12:45:27.016000Z
70,1.1683700000000001,1.16839,1000000.0,3369999.8856,2018-05-31T12:45:27.530000Z
71,1.16836,1.16838,1000000.0,1559999.9428,2018-05-31T12:45:27.876000Z
72,1.1683100000000002,1.16833,1120000.0048,2619999.8856,2018-05-31T12:45:28.187000Z
73,1.1683000000000001,1.1683100000000002,1500000.0,1500000.0,2018-05-31T12:45:28.239000Z
74,1.16828,1.1683100000000002,1759999.9905,3369999.8856,2018-05-31T12:45:28.291000Z
75,1.1682700000000001,1.16829,1000000.0,1289999.9619,2018-05-31T12:45:28.581000Z
76,1.16825,1.16826,1120000.0048,3000000.0,2018-05-31T12:45:29.125000Z
77,1.1682100000000002,1.16824,5510000.2289,1100000.0238,2018-05-31T12:45:29.547000Z
78,1.1682299999999999,1.16826,3190000.0572,1100000.0238,2018-05-31T12:45:29.723000Z
79,1.16818,1.16822,1870000.0048,5699999.8093,2018-05-31T12:45:30.018000Z
80,1.1682000000000001,1.16822,1000000.0,3069999.9332,2018-05-31T12:45:30.189000Z
81,1.1682000000000001,1.16822,4570000.1717,1100000.0238,2018-05-31T12:45:30.707000Z
82,1.1682100000000002,1.16822,1000000.0,1100000.0238,2018-05-31T12:45:31.237000Z
83,1.16819,1.16822,3940000.0572,1100000.0238,2018-05-31T12:45:31.289000Z
84,1.16819,1.16822,1100000.0238,2700000.0477,2018-05-31T12:45:31.863000Z
85,1.1681700000000002,1.1682100000000002,1570000.0525,3450000.0477,2018-05-31T12:45:31.916000Z
86,1.16818,1.16819,1000000.0,1000000.0,2018-05-31T12:45:32.227000Z
87,1.16819,1.1682100000000002,2250000.0,3450000.0477,2018-05-31T12:45:32.744000Z
88,1.1682000000000001,1.1682100000000002,1000000.0,1200000.0477,2018-05-31T12:45:33.927000Z
89,1.1682000000000001,1.1682299999999999,2509999.9905,1500000.0,2018-05-31T12:45:34.036000Z
90,1.1682000000000001,1.16822,2809999.9428,1000000.0,2018-05-31T12:45:34.660000Z
91,1.1682100000000002,1.1682299999999999,3190000.0572,1000000.0,2018-05-31T12:45:35.172000Z
92,1.16819,1.1682299999999999,8140000.3433,1000000.0,2018-05-31T12:45:36.151000Z
93,1.16819,1.1682100000000002,3259999.9905,1000000.0,2018-05-31T12:45:36.359000Z
94,1.16818,1.1682000000000001,3450000.0477,1000000.0,2018-05-31T12:45:36.513000Z
95,1.16818,1.16819,1200000.0477,1000000.0,2018-05-31T12:45:36.771000Z
96,1.16816,1.16818,1950000.0477,1250000.0,2018-05-31T12:45:37.032000Z
97,1.16816,1.16818,1070000.0525,1000000.0,2018-05-31T12:45:37.992000Z
98,1.16816,1.16819,1200000.0477,1000000.0,2018-05-31T12:45:38.503000Z
99,1.16816,1.16819,3450000.0477,1100000.0238,2018-05-31T12:45:39.060000Z
100,1.1681700000000002,1.16818,1000000.0,1000000.0,2018-05-31T12:45:39.623000Z
101,1.16816,1.16818,1950000.0477,1000000.0,2018-05-31T12:45:40.143000Z
102,1.1681700000000002,1.16818,1100000.0238,1000000.0,2018-05-31T12:45:40.656000Z
103,1.1682000000000001,1.16822,1000000.0,4199999.8093,2018-05-31T12:45:40.853000Z
104,1.16818,1.16822,4420000.0763,3259999.9905,2018-05-31T12:45:41.006000Z
105,1.1682100000000002,1.1682299999999999,1250000.0,1950000.0477,2018-05-31T12:45:41.160000Z
106,1.1682100000000002,1.1682299999999999,1759999.9905,1000000.0,2018-05-31T12:45:41.679000Z
107,1.1682100000000002,1.1682299999999999,3069999.9332,1000000.0,2018-05-31T12:45:42.780000Z
108,1.16825,1.16826,1000000.0,2319999.9332,2018-05-31T12:45:43.288000Z
109,1.1682700000000001,1.16828,1000000.0,1009999.9905,2018-05-31T12:45:43.340000Z
110,1.1682700000000001,1.1683000000000001,1000000.0,2319999.9332,2018-05-31T12:45:43.757000Z
111,1.16828,1.1683100000000002,1000000.0,4389999.8665,2018-05-31T12:45:44.317000Z
112,1.16828,1.1683100000000002,1000000.0,4010000.2289,2018-05-31T12:45:44.954000Z
113,1.1682700000000001,1.16829,2140000.1049,1000000.0,2018-05-31T12:45:45.163000Z
114,1.16828,1.16829,1000000.0,1000000.0,2018-05-31T12:45:45.830000Z
115,1.1682700000000001,1.16829,3190000.0572,1000000.0,2018-05-31T12:45:46.351000Z
116,1.16828,1.1683100000000002,2250000.0,2140000.1049,2018-05-31T12:45:46.684000Z
117,1.1683000000000001,1.16832,2500000.0,1200000.0477,2018-05-31T12:45:46.901000Z
118,1.1683100000000002,1.16833,1570000.0525,1100000.0238,2018-05-31T12:45:47.011000Z
119,1.16829,1.1683100000000002,4199999.8093,1000000.0,2018-05-31T12:45:47.116000Z
120,1.16828,1.1683000000000001,1000000.0,1000000.0,2018-05-31T12:45:47.302000Z
121,1.1683000000000001,1.16834,3819999.9332,1570000.0525,2018-05-31T12:45:47.519000Z
122,1.1683000000000001,1.16833,3069999.9332,1000000.0,2018-05-31T12:45:48.052000Z
123,1.16828,1.1683100000000002,5139999.8665,1000000.0,2018-05-31T12:45:48.363000Z
124,1.16828,1.1683000000000001,5699999.8093,1000000.0,2018-05-31T12:45:48.415000Z
125,1.16828,1.1683100000000002,5320000.1717,1000000.0,2018-05-31T12:45:48.691000Z
126,1.16828,1.1683000000000001,5320000.1717,1000000.0,2018-05-31T12:45:49.032000Z
127,1.16832,1.16833,1000000.0,1100000.0238,2018-05-31T12:45:49.973000Z
128,1.16833,1.16834,1000000.0,2059999.9428,2018-05-31T12:45:50.128000Z
129,1.1683100000000002,1.16834,3259999.9905,2059999.9428,2018-05-31T12:45:50.488000Z
130,1.16832,1.16834,1000000.0,2059999.9428,2018-05-31T12:45:51.573000Z
131,1.1683100000000002,1.16834,2890000.1049,2059999.9428,2018-05-31T12:45:52.141000Z
132,1.1683100000000002,1.16834,1950000.0477,2059999.9428,2018-05-31T12:45:52.946000Z
133,1.1683100000000002,1.16834,1389999.9857,2140000.1049,2018-05-31T12:45:53.479000Z
134,1.1683100000000002,1.16834,1870000.0048,2140000.1049,2018-05-31T12:45:54.045000Z
135,1.1683100000000002,1.16834,1759999.9905,1120000.0048,2018-05-31T12:45:54.546000Z
136,1.1683100000000002,1.16834,2700000.0477,2250000.0,2018-05-31T12:45:55.068000Z
137,1.1683000000000001,1.16832,2319999.9332,1000000.0,2018-05-31T12:45:55.459000Z
138,1.16828,1.16832,2700000.0477,2509999.9905,2018-05-31T12:45:55.564000Z
139,1.16828,1.1683100000000002,1000000.0,1759999.9905,2018-05-31T12:45:56.070000Z
140,1.1682700000000001,1.1683100000000002,4570000.1717,2319999.9332,2018-05-31T12:45:57.340000Z
141,1.16825,1.1682700000000001,1500000.0,1120000.0048,2018-05-31T12:45:57.771000Z
142,1.16825,1.16828,1000000.0,5320000.1717,2018-05-31T12:45:58.307000Z
143,1.16826,1.16828,1000000.0,1950000.0477,2018-05-31T12:45:58.859000Z
144,1.16826,1.16829,1870000.0048,5699999.8093,2018-05-31T12:45:59.371000Z
145,1.16826,1.1682700000000001,1120000.0048,1000000.0,2018-05-31T12:45:59.687000Z
146,1.16826,1.16829,1250000.0,2140000.1049,2018-05-31T12:46:00.210000Z
147,1.16825,1.16828,1200000.0477,1950000.0477,2018-05-31T12:46:00.474000Z
148,1.16825,1.16828,1250000.0,1570000.0525,2018-05-31T12:46:01.378000Z
149,1.1682700000000001,1.1683000000000001,1500000.0,3259999.9905,2018-05-31T12:46:01.791000Z
150,1.1682700000000001,1.1683100000000002,3190000.0572,3640000.1049,2018-05-31T12:46:01.930000Z
151,1.16828,1.1683100000000002,1000000.0,3069999.9332,2018-05-31T12:46:02.446000Z
152,1.1682700000000001,1.1683100000000002,5510000.2289,3069999.9332,2018-05-31T12:46:03.244000Z
153,1.16828,1.1683100000000002,1500000.0,1570000.0525,2018-05-31T12:46:03.787000Z
154,1.16828,1.1683000000000001,1000000.0,1000000.0,2018-05-31T12:46:04.314000Z
155,1.1682700000000001,1.1683000000000001,2700000.0477,1000000.0,2018-05-31T12:46:04.825000Z
156,1.1682700000000001,1.16829,2319999.9332,1000000.0,2018-05-31T12:46:05.555000Z
157,1.16828,1.1683100000000002,1000000.0,2700000.0477,2018-05-31T12:46:05.863000Z
158,1.16828,1.1683100000000002,1500000.0,5699999.8093,2018-05-31T12:46:07.486000Z
159,1.16826,1.16829,3640000.1049,1500000.0,2018-05-31T12:46:08.196000Z
160,1.1682700000000001,1.1683000000000001,1000000.0,1200000.0477,2018-05-31T12:46:08.723000Z
161,1.1682700000000001,1.16829,1500000.0,1500000.0,2018-05-31T12:46:09.302000Z
162,1.16828,1.16832,1690000.0572,7010000.2289,2018-05-31T12:46:09.559000Z
163,1.16828,1.1683100000000002,1200000.0477,1200000.0477,2018-05-31T12:46:10.267000Z
164,1.1682700000000001,1.1683100000000002,2890000.1049,1100000.0238,2018-05-31T12:46:10.786000Z
165,1.1682700000000001,1.1683000000000001,3640000.1049,1500000.0,2018-05-31T12:46:11.297000Z
166,1.1682700000000001,1.1683100000000002,1950000.0477,2319999.9332,2018-05-31T12:46:11.834000Z
167,1.1682700000000001,1.1683100000000002,2319999.9332,2890000.1049,2018-05-31T12:46:12.354000Z
168,1.1682700000000001,1.16829,1000000.0,1500000.0,2018-05-31T12:46:12.904000Z
169,1.1682700000000001,1.16829,1000000.0,1309999.9428,2018-05-31T12:46:16.898000Z
170,1.16825,1.16828,3750000.0,3450000.0477,2018-05-31T12:46:16.952000Z
171,1.16825,1.16829,3859999.8951,1950000.0477,2018-05-31T12:46:17.110000Z
172,1.16826,1.16829,2509999.9905,1870000.0048,2018-05-31T12:46:17.226000Z
173,1.16826,1.16829,5510000.2289,2440000.0572,2018-05-31T12:46:17.751000Z
174,1.16826,1.16829,3259999.9905,1000000.0,2018-05-31T12:46:18.270000Z
175,1.16826,1.16829,2509999.9905,1000000.0,2018-05-31T12:46:18.818000Z
176,1.1682700000000001,1.16829,1000000.0,1100000.0238,2018-05-31T12:46:19.339000Z
177,1.16826,1.16829,1500000.0,1100000.0238,2018-05-31T12:46:19.888000Z
178,1.16826,1.16828,2509999.9905,1000000.0,2018-05-31T12:46:20.414000Z
179,1.16826,1.16829,3640000.1049,1500000.0,2018-05-31T12:46:20.925000Z
180,1.1682700000000001,1.1683100000000002,5320000.1717,1200000.0477,2018-05-31T12:46:21.241000Z
181,1.16829,1.1683100000000002,2250000.0,1200000.0477,2018-05-31T12:46:21.345000Z
182,1.1683100000000002,1.16832,2250000.0,1950000.0477,2018-05-31T12:46:21.736000Z
183,1.16833,1.16835,2319999.9332,3819999.9332,2018-05-31T12:46:21.842000Z
184,1.16832,1.16836,6070000.1717,1120000.0048,2018-05-31T12:46:22.346000Z
185,1.16835,1.1683700000000001,1000000.0,2700000.0477,2018-05-31T12:46:22.551000Z
186,1.16833,1.16836,1570000.0525,1690000.0572,2018-05-31T12:46:22.756000Z
187,1.16835,1.16836,1000000.0,1000000.0,2018-05-31T12:46:23.260000Z
188,1.16833,1.16836,1100000.0238,1120000.0048,2018-05-31T12:46:23.466000Z
189,1.16833,1.16836,1100000.0238,1389999.9857,2018-05-31T12:46:24.010000Z
190,1.16833,1.16836,1070000.0525,3069999.9332,2018-05-31T12:46:24.547000Z
191,1.16833,1.16834,6449999.8093,3000000.0,2018-05-31T12:46:24.754000Z
192,1.16832,1.16834,1000000.0,1659999.9666,2018-05-31T12:46:24.858000Z
193,1.16833,1.16834,2250000.0,1250000.0,2018-05-31T12:46:24.911000Z
194,1.16833,1.16835,2250000.0,1500000.0,2018-05-31T12:46:25.461000Z
195,1.16832,1.16835,1100000.0238,1000000.0,2018-05-31T12:46:25.772000Z
196,1.16833,1.16836,1100000.0238,1000000.0,2018-05-31T12:46:26.313000Z
197,1.16833,1.16835,1000000.0,1500000.0,2018-05-31T12:46:26.841000Z
198,1.16832,1.16835,1570000.0525,1500000.0,2018-05-31T12:46:27.400000Z
199,1.16834,1.1683700000000001,3940000.0572,3069999.9332,2018-05-31T12:46:27.569000Z
200,1.16835,1.16838,3069999.9332,3069999.9332,2018-05-31T12:46:27.674000Z
201,1.16833,1.16835,3190000.0572,1000000.0,2018-05-31T12:46:27.830000Z
202,1.16833,1.16835,1250000.0,1009999.9905,2018-05-31T12:46:28.423000Z
203,1.16832,1.16834,1250000.0,1000000.0,2018-05-31T12:46:29.115000Z
204,1.16833,1.16835,1309999.9428,1100000.0238,2018-05-31T12:46:29.220000Z
205,1.16834,1.16835,1000000.0,1000000.0,2018-05-31T12:46:29.832000Z
206,1.16832,1.16835,2509999.9905,2250000.0,2018-05-31T12:46:30.356000Z
207,1.16833,1.16835,2440000.0572,1500000.0,2018-05-31T12:46:32.550000Z
208,1.16833,1.16836,2440000.0572,3450000.0477,2018-05-31T12:46:33.057000Z
209,1.16835,1.16838,6190000.0572,1500000.0,2018-05-31T12:46:33.340000Z
210,1.16834,1.16836,1250000.0,3450000.0477,2018-05-31T12:46:33.654000Z
211,1.16833,1.1683700000000001,2509999.9905,2509999.9905,2018-05-31T12:46:33.809000Z
212,1.16835,1.16838,3559999.9428,1100000.0238,2018-05-31T12:46:34.246000Z
213,1.16832,1.16836,3069999.9332,5699999.8093,2018-05-31T12:46:34.590000Z
214,1.16832,1.16836,7260000.2289,3819999.9332,2018-05-31T12:46:34.907000Z
215,1.16832,1.16835,7139999.8665,1000000.0,2018-05-31T12:46:35.446000Z
216,1.16833,1.16836,1120000.0048,1200000.0477,2018-05-31T12:46:36.699000Z
217,1.16833,1.16836,1389999.9857,1759999.9905,2018-05-31T12:46:37.202000Z
218,1.16833,1.1683700000000001,3940000.0572,2890000.1049,2018-05-31T12:46:37.809000Z
219,1.16835,1.1683700000000001,1000000.0,1950000.0477,2018-05-31T12:46:38.123000Z
220,1.16835,1.16838,1950000.0477,1950000.0477,2018-05-31T12:46:38.177000Z
221,1.16835,1.1683700000000001,1000000.0,1120000.0048,2018-05-31T12:46:38.750000Z
222,1.16834,1.16838,1870000.0048,4949999.8093,2018-05-31T12:46:39.298000Z
223,1.16834,1.1683700000000001,2700000.0477,1070000.0525,2018-05-31T12:46:39.893000Z
224,1.16834,1.16838,1000000.0,7989999.7711,2018-05-31T12:46:40.518000Z
225,1.16836,1.16838,1000000.0,1950000.0477,2018-05-31T12:46:40.776000Z
226,1.16835,1.16839,3819999.9332,1570000.0525,2018-05-31T12:46:41.288000Z
227,1.16835,1.16839,2890000.1049,2509999.9905,2018-05-31T12:46:42.415000Z
228,1.16835,1.16838,2890000.1049,1070000.0525,2018-05-31T12:46:42.726000Z
229,1.16836,1.16838,1000000.0,1200000.0477,2018-05-31T12:46:43.227000Z
230,1.16836,1.16839,2619999.8856,1009999.9905,2018-05-31T12:46:48.445000Z
231,1.1683700000000001,1.1684,1500000.0,1200000.0477,2018-05-31T12:46:49.955000Z
232,1.1684700000000001,1.1685,1000000.0,4949999.8093,2018-05-31T12:46:50.257000Z
233,1.16848,1.1685100000000002,1000000.0,1950000.0477,2018-05-31T12:46:50.365000Z
234,1.16848,1.1685100000000002,1570000.0525,1200000.0477,2018-05-31T12:46:51.206000Z
235,1.1685,1.1685200000000002,1000000.0,2319999.9332,2018-05-31T12:46:51.412000Z
236,1.16849,1.1685200000000002,1500000.0,1389999.9857,2018-05-31T12:46:51.941000Z
237,1.16849,1.1685100000000002,1000000.0,1190000.0572,2018-05-31T12:46:52.352000Z
238,1.16849,1.1685100000000002,1000000.0,2319999.9332,2018-05-31T12:46:52.888000Z
239,1.16848,1.1685100000000002,1000000.0,1100000.0238,2018-05-31T12:46:53.476000Z
240,1.16848,1.1685100000000002,1100000.0238,1200000.0477,2018-05-31T12:46:54.081000Z
241,1.16848,1.1685100000000002,1000000.0,2509999.9905,2018-05-31T12:46:54.704000Z
242,1.16848,1.1685100000000002,1100000.0238,2700000.0477,2018-05-31T12:46:55.211000Z
243,1.1684700000000001,1.1685,2250000.0,2319999.9332,2018-05-31T12:46:55.742000Z
244,1.16844,1.16846,1120000.0048,2140000.1049,2018-05-31T12:46:56.106000Z
245,1.16843,1.16845,1000000.0,1389999.9857,2018-05-31T12:46:56.624000Z
246,1.16843,1.16845,2440000.0572,1009999.9905,2018-05-31T12:46:57.139000Z
247,1.1684200000000002,1.16845,4949999.8093,1389999.9857,2018-05-31T12:46:57.659000Z
248,1.1684200000000002,1.16845,4199999.8093,1250000.0,2018-05-31T12:46:58.180000Z
249,1.1684100000000002,1.1684200000000002,1500000.0,3750000.0,2018-05-31T12:46:58.490000Z
250,1.1684,1.1684200000000002,1500000.0,2509999.9905,2018-05-31T12:46:59.052000Z
251,1.1684100000000002,1.1684200000000002,1000000.0,1100000.0238,2018-05-31T12:47:00.096000Z
252,1.1684200000000002,1.16846,1759999.9905,4570000.1717,2018-05-31T12:47:00.311000Z
253,1.1684200000000002,1.16845,1950000.0477,1320000.0525,2018-05-31T12:47:00.519000Z
254,1.1684100000000002,1.16845,3450000.0477,1100000.0238,2018-05-31T12:47:01.032000Z
255,1.16843,1.16845,1000000.0,1100000.0238,2018-05-31T12:47:02.515000Z
256,1.1684100000000002,1.1684200000000002,1100000.0238,1000000.0,2018-05-31T12:47:02.899000Z
257,1.1684,1.1684200000000002,1000000.0,1100000.0238,2018-05-31T12:47:04.204000Z
258,1.16839,1.1684,1000000.0,1500000.0,2018-05-31T12:47:04.715000Z
259,1.16836,1.16839,8140000.3433,1070000.0525,2018-05-31T12:47:04.871000Z
260,1.1683700000000001,1.1684,2250000.0,3069999.9332,2018-05-31T12:47:04.975000Z
261,1.1683700000000001,1.1684,2509999.9905,1100000.0238,2018-05-31T12:47:05.487000Z
262,1.1683700000000001,1.1684100000000002,6260000.2289,1100000.0238,2018-05-31T12:47:06.091000Z
263,1.1684100000000002,1.1684200000000002,1000000.0,1570000.0525,2018-05-31T12:47:06.143000Z
264,1.16839,1.1684100000000002,1100000.0238,1250000.0,2018-05-31T12:47:06.400000Z
265,1.1683700000000001,1.1684,6820000.1717,1500000.0,2018-05-31T12:47:06.831000Z
266,1.16839,1.1684,1000000.0,1100000.0238,2018-05-31T12:47:06.937000Z
267,1.1683700000000001,1.16839,1570000.0525,2809999.9428,2018-05-31T12:47:10.508000Z
268,1.16836,1.1683700000000001,1200000.0477,1000000.0,2018-05-31T12:47:10.668000Z
269,1.16836,1.1683700000000001,1000000.0,1500000.0,2018-05-31T12:47:11.172000Z
270,1.16835,1.16836,1500000.0,1000000.0,2018-05-31T12:47:11.706000Z
271,1.16835,1.16838,1000000.0,1950000.0477,2018-05-31T12:47:12.344000Z
272,1.16836,1.16838,1000000.0,1950000.0477,2018-05-31T12:47:12.848000Z
273,1.16836,1.16839,1500000.0,1200000.0477,2018-05-31T12:47:13.053000Z
274,1.1683700000000001,1.1684,1100000.0238,1070000.0525,2018-05-31T12:47:13.566000Z
275,1.16838,1.1684100000000002,1100000.0238,1870000.0048,2018-05-31T12:47:14.162000Z
276,1.1684,1.1684100000000002,1000000.0,1120000.0048,2018-05-31T12:47:14.451000Z
277,1.16838,1.1684,2509999.9905,1250000.0,2018-05-31T12:47:14.867000Z
278,1.1684,1.1684100000000002,1000000.0,1500000.0,2018-05-31T12:47:15.105000Z
279,1.1684100000000002,1.16843,1120000.0048,1690000.0572,2018-05-31T12:47:15.680000Z
280,1.1684,1.1684200000000002,2250000.0,1000000.0,2018-05-31T12:47:16.194000Z
281,1.1684,1.1684100000000002,1000000.0,1100000.0238,2018-05-31T12:47:16.730000Z
282,1.16839,1.1684100000000002,1570000.0525,1200000.0477,2018-05-31T12:47:17.561000Z
283,1.1684,1.1684100000000002,8250000.0,1120000.0048,2018-05-31T12:47:18.308000Z
284,1.1684100000000002,1.16844,1570000.0525,2359999.8951,2018-05-31T12:47:18.563000Z
285,1.1684100000000002,1.16844,3819999.9332,2849999.9046,2018-05-31T12:47:19.084000Z
286,1.1684200000000002,1.16845,1000000.0,11550000.1907,2018-05-31T12:47:19.966000Z
287,1.1684100000000002,1.1684200000000002,1500000.0,1120000.0048,2018-05-31T12:47:20.397000Z
288,1.16839,1.1684200000000002,5889999.8665,1100000.0238,2018-05-31T12:47:20.929000Z
289,1.1684100000000002,1.1684200000000002,1000000.0,1570000.0525,2018-05-31T12:47:21.468000Z
290,1.1684100000000002,1.16843,1000000.0,1100000.0238,2018-05-31T12:47:22.062000Z
291,1.1684100000000002,1.1684200000000002,1100000.0238,1000000.0,2018-05-31T12:47:22.566000Z
292,1.1684200000000002,1.16843,1000000.0,1000000.0,2018-05-31T12:47:23.867000Z
293,1.1684200000000002,1.16844,1000000.0,4119999.8856,2018-05-31T12:47:24.722000Z
294,1.1684200000000002,1.16843,1000000.0,1000000.0,2018-05-31T12:47:25.441000Z
295,1.1684100000000002,1.16843,1250000.0,1000000.0,2018-05-31T12:47:26.400000Z
296,1.1684100000000002,1.16843,1759999.9905,1000000.0,2018-05-31T12:47:27.143000Z
297,1.1684100000000002,1.16844,1000000.0,2170000.0763,2018-05-31T12:47:27.653000Z
298,1.1684100000000002,1.16844,2250000.0,4500000.0,2018-05-31T12:47:28.232000Z
299,1.1684100000000002,1.16844,1000000.0,1500000.0,2018-05-31T12:47:28.750000Z
300,1.1684200000000002,1.16844,2509999.9905,1500000.0,2018-05-31T12:47:29.143000Z
301,1.16843,1.16846,4610000.1335,1500000.0,2018-05-31T12:47:29.355000Z
302,1.16845,1.1684700000000001,3000000.0,3599999.9046,2018-05-31T12:47:29.409000Z
303,1.16846,1.1684700000000001,1000000.0,1500000.0,2018-05-31T12:47:29.948000Z
304,1.16845,1.1684700000000001,1500000.0,2059999.9428,2018-05-31T12:47:30.462000Z
305,1.16845,1.1684700000000001,1100000.0238,1000000.0,2018-05-31T12:47:30.975000Z
306,1.16845,1.16846,1000000.0,1000000.0,2018-05-31T12:47:31.486000Z
307,1.16844,1.16846,3859999.8951,1000000.0,2018-05-31T12:47:32.093000Z
308,1.16845,1.16846,1000000.0,1000000.0,2018-05-31T12:47:32.634000Z
309,1.16844,1.16846,2920000.0763,1000000.0,2018-05-31T12:47:33.141000Z
310,1.16844,1.1684700000000001,2549999.9523,1000000.0,2018-05-31T12:47:37.565000Z
311,1.16845,1.16846,1000000.0,1000000.0,2018-05-31T12:47:38.104000Z
312,1.16844,1.16846,15300000.1907,1000000.0,2018-05-31T12:47:40.501000Z
313,1.16845,1.16846,1000000.0,1000000.0,2018-05-31T12:47:41.005000Z
314,1.16845,1.1684700000000001,1000000.0,1000000.0,2018-05-31T12:47:41.559000Z
315,1.16846,1.1684700000000001,1000000.0,1000000.0,2018-05-31T12:47:42.683000Z
316,1.16846,1.16849,1759999.9905,3000000.0,2018-05-31T12:47:42.841000Z
317,1.16846,1.16848,1200000.0477,2500000.0,2018-05-31T12:47:43.847000Z
318,1.16845,1.1684700000000001,2319999.9332,2319999.9332,2018-05-31T12:47:43.899000Z
319,1.16846,1.16848,1000000.0,3819999.9332,2018-05-31T12:47:44.420000Z
320,1.16843,1.16846,2700000.0477,3000000.0,2018-05-31T12:47:46.037000Z
321,1.1684200000000002,1.16844,1570000.0525,3819999.9332,2018-05-31T12:47:46.200000Z
322,1.1684100000000002,1.16844,4570000.1717,1500000.0,2018-05-31T12:47:47.093000Z
323,1.16843,1.16845,1690000.0572,3000000.0,2018-05-31T12:47:47.570000Z
324,1.16846,1.16848,3039999.9619,2319999.9332,2018-05-31T12:47:47.831000Z
325,1.1684700000000001,1.1685,1000000.0,7949999.8093,2018-05-31T12:47:47.935000Z
326,1.1684700000000001,1.1685,1100000.0238,4949999.8093,2018-05-31T12:47:48.475000Z
327,1.16845,1.16849,4010000.2289,7760000.2289,2018-05-31T12:47:48.789000Z
328,1.16845,1.16849,2509999.9905,7949999.8093,2018-05-31T12:47:49.334000Z
329,1.1684700000000001,1.16849,1100000.0238,1100000.0238,2018-05-31T12:47:49.954000Z
330,1.16846,1.16848,1570000.0525,1000000.0,2018-05-31T12:47:53.622000Z
331,1.16845,1.16848,1000000.0,5320000.1717,2018-05-31T12:47:54.097000Z
332,1.16845,1.16848,6670000.0763,6000000.0,2018-05-31T12:47:54.618000Z
333,1.1684700000000001,1.16849,1000000.0,1950000.0477,2018-05-31T12:47:54.776000Z
334,1.16845,1.1684700000000001,2250000.0,1000000.0,2018-05-31T12:47:55.297000Z
335,1.16844,1.1684700000000001,13420000.0763,1000000.0,2018-05-31T12:47:55.840000Z
336,1.16845,1.16848,1500000.0,3640000.1049,2018-05-31T12:47:56.392000Z
337,1.16846,1.16849,2099999.9046,1759999.9905,2018-05-31T12:47:56.498000Z
338,1.16845,1.1684700000000001,2319999.9332,1000000.0,2018-05-31T12:47:56.605000Z
339,1.16845,1.16848,1570000.0525,3369999.8856,2018-05-31T12:47:57.140000Z
340,1.16845,1.1684700000000001,1100000.0238,1000000.0,2018-05-31T12:47:58.041000Z
341,1.1684700000000001,1.16849,2920000.0763,1120000.0048,2018-05-31T12:47:58.539000Z
342,1.1684700000000001,1.1685,2920000.0763,1690000.0572,2018-05-31T12:47:59.051000Z
343,1.1684700000000001,1.16849,2920000.0763,1000000.0,2018-05-31T12:47:59.619000Z
344,1.1684700000000001,1.1685,3670000.0763,3940000.0572,2018-05-31T12:48:00.241000Z
345,1.16846,1.16848,1100000.0238,1870000.0048,2018-05-31T12:48:00.753000Z
346,1.16845,1.1684700000000001,1500000.0,1120000.0048,2018-05-31T12:48:01.256000Z
347,1.1684700000000001,1.1685,1000000.0,6820000.1717,2018-05-31T12:48:01.617000Z
348,1.16845,1.16848,5889999.8665,1870000.0048,2018-05-31T12:48:02.283000Z
349,1.16845,1.1684700000000001,1570000.0525,1690000.0572,2018-05-31T12:48:02.476000Z
350,1.16845,1.16848,1000000.0,10010000.2289,2018-05-31T12:48:03.316000Z
351,1.16845,1.1684700000000001,1000000.0,1309999.9428,2018-05-31T12:48:04.343000Z
352,1.16843,1.16845,2700000.0477,4309999.9428,2018-05-31T12:48:04.763000Z
353,1.1684100000000002,1.16844,1000000.0,14699999.8093,2018-05-31T12:48:04.869000Z
354,1.1684100000000002,1.16844,1870000.0048,8699999.8093,2018-05-31T12:48:05.745000Z
355,1.16843,1.16845,4610000.1335,1000000.0,2018-05-31T12:48:05.826000Z
356,1.16845,1.16846,1000000.0,1000000.0,2018-05-31T12:48:06.133000Z
357,1.16846,1.1684700000000001,1000000.0,3369999.8856,2018-05-31T12:48:06.648000Z
358,1.16844,1.1684700000000001,1100000.0238,3369999.8856,2018-05-31T12:48:06.978000Z
359,1.16845,1.1684700000000001,1000000.0,5619999.8856,2018-05-31T12:48:07.580000Z
360,1.16839,1.1684200000000002,3369999.8856,7119999.8856,2018-05-31T12:48:07.634000Z
361,1.16835,1.1683700000000001,1100000.0238,2809999.9428,2018-05-31T12:48:07.793000Z
362,1.16835,1.1683700000000001,1100000.0238,2700000.0477,2018-05-31T12:48:08.325000Z
363,1.16836,1.1683700000000001,1000000.0,1000000.0,2018-05-31T12:48:08.847000Z
364,1.16838,1.1684,1500000.0,6940000.0572,2018-05-31T12:48:09.058000Z
365,1.1684,1.1684100000000002,1000000.0,3190000.0572,2018-05-31T12:48:09.163000Z
366,1.16839,1.1684200000000002,1000000.0,2890000.1049,2018-05-31T12:48:09.684000Z
367,1.1684200000000002,1.16843,2849999.9046,1500000.0,2018-05-31T12:48:10.133000Z
368,1.1684,1.16844,3819999.9332,7500000.0,2018-05-31T12:48:10.289000Z
369,1.1684,1.16843,1570000.0525,3940000.0572,2018-05-31T12:48:10.341000Z
370,1.16839,1.1684200000000002,1100000.0238,2440000.0572,2018-05-31T12:48:10.846000Z
371,1.16839,1.1684100000000002,1759999.9905,1250000.0,2018-05-31T12:48:11.554000Z
372,1.16839,1.1684200000000002,1100000.0238,3369999.8856,2018-05-31T12:48:12.083000Z
373,1.16839,1.1684,1000000.0,2250000.0,2018-05-31T12:48:12.522000Z
374,1.16835,1.16838,1200000.0477,4389999.8665,2018-05-31T12:48:12.628000Z
375,1.16835,1.1683700000000001,1000000.0,1120000.0048,2018-05-31T12:48:13.131000Z
376,1.16835,1.16838,1000000.0,3069999.9332,2018-05-31T12:48:13.911000Z
377,1.16835,1.16838,1000000.0,9829999.9237,2018-05-31T12:48:14.424000Z
378,1.16836,1.1683700000000001,1000000.0,3000000.0,2018-05-31T12:48:14.941000Z
379,1.16835,1.1683700000000001,1000000.0,4119999.8856,2018-05-31T12:48:15.559000Z
380,1.16836,1.16838,1000000.0,2890000.1049,2018-05-31T12:48:16.187000Z
381,1.16838,1.16839,1000000.0,1120000.0048,2018-05-31T12:48:16.445000Z
382,1.1684,1.1684200000000002,1000000.0,4500000.0,2018-05-31T12:48:16.655000Z
383,1.1684100000000002,1.16843,3599999.9046,1200000.0477,2018-05-31T12:48:19.214000Z
384,1.1684200000000002,1.16844,2170000.0763,1009999.9905,2018-05-31T12:48:19.368000Z
385,1.1684200000000002,1.16845,1419999.9571,6190000.0572,2018-05-31T12:48:19.894000Z
386,1.1684,1.16843,4500000.0,4760000.2289,2018-05-31T12:48:20.291000Z
387,1.1684200000000002,1.16843,2250000.0,1870000.0048,2018-05-31T12:48:20.658000Z
388,1.1684200000000002,1.16845,1350000.0238,1570000.0525,2018-05-31T12:48:20.876000Z
389,1.16844,1.16845,1000000.0,1000000.0,2018-05-31T12:48:21.111000Z
390,1.16844,1.16846,1000000.0,4119999.8856,2018-05-31T12:48:21.648000Z
391,1.16845,1.16846,1000000.0,1120000.0048,2018-05-31T12:48:22.171000Z
392,1.16845,1.1684700000000001,1100000.0238,1570000.0525,2018-05-31T12:48:22.698000Z
393,1.16846,1.1684700000000001,1000000.0,1120000.0048,2018-05-31T12:48:23.441000Z
394,1.16846,1.16848,1000000.0,3369999.8856,2018-05-31T12:48:24.098000Z
395,1.16845,1.16848,1009999.9905,3069999.9332,2018-05-31T12:48:24.405000Z
396,1.16846,1.16848,1100000.0238,7949999.8093,2018-05-31T12:48:24.456000Z
397,1.16846,1.16848,1100000.0238,2319999.9332,2018-05-31T12:48:25.116000Z
398,1.16846,1.16848,1000000.0,1000000.0,2018-05-31T12:48:25.663000Z
399,1.16846,1.16849,1100000.0238,1690000.0572,2018-05-31T12:48:26.439000Z
400,1.16846,1.16849,1950000.0477,1759999.9905,2018-05-31T12:48:26.957000Z
401,1.1684700000000001,1.1685,1570000.0525,1840000.0334,2018-05-31T12:48:27.540000Z
402,1.1685200000000002,1.16855,1100000.0238,4989999.7711,2018-05-31T12:48:27.890000Z
403,1.16853,1.16855,1250000.0,3039999.9619,2018-05-31T12:48:27.942000Z
404,1.16855,1.16856,1690000.0572,1299999.9523,2018-05-31T12:48:28.303000Z
405,1.16856,1.16859,1500000.0,2140000.1049,2018-05-31T12:48:28.357000Z
406,1.16857,1.1686,1950000.0477,2509999.9905,2018-05-31T12:48:28.473000Z
407,1.16855,1.16857,2890000.1049,1000000.0,2018-05-31T12:48:30.286000Z
408,1.16853,1.16857,5889999.8665,1200000.0477,2018-05-31T12:48:30.389000Z
409,1.16858,1.16859,1500000.0,7010000.2289,2018-05-31T12:48:30.703000Z
410,1.16858,1.1686100000000001,1570000.0525,2319999.9332,2018-05-31T12:48:30.808000Z
411,1.16857,1.1686100000000001,1570000.0525,2059999.9428,2018-05-31T12:48:33.460000Z
412,1.16856,1.1686100000000001,8510000.2289,1950000.0477,2018-05-31T12:48:33.984000Z
413,1.16857,1.1686200000000002,1200000.0477,4760000.2289,2018-05-31T12:48:34.612000Z
414,1.16857,1.1686200000000002,4389999.8665,5889999.8665,2018-05-31T12:48:35.119000Z
415,1.16857,1.1686200000000002,4199999.8093,4949999.8093,2018-05-31T12:48:35.693000Z
416,1.16857,1.1686200000000002,2319999.9332,3450000.0477,2018-05-31T12:48:36.947000Z
417,1.16857,1.1686200000000002,3259999.9905,3450000.0477,2018-05-31T12:48:37.455000Z
418,1.16857,1.1686200000000002,2700000.0477,4199999.8093,2018-05-31T12:48:38.868000Z
419,1.16857,1.1686200000000002,2509999.9905,4389999.8665,2018-05-31T12:48:39.178000Z
420,1.16857,1.1686200000000002,1950000.0477,4199999.8093,2018-05-31T12:48:40.110000Z
421,1.16857,1.1686200000000002,3640000.1049,4570000.1717,2018-05-31T12:48:40.625000Z
422,1.16858,1.1686200000000002,1100000.0238,3450000.0477,2018-05-31T12:48:41.183000Z
423,1.1686,1.1686200000000002,1000000.0,1100000.0238,2018-05-31T12:48:42.019000Z
424,1.1686,1.16863,1000000.0,4570000.1717,2018-05-31T12:48:42.569000Z
425,1.1686100000000001,1.16863,1120000.0048,1070000.0525,2018-05-31T12:48:43.227000Z
426,1.1686400000000001,1.16868,4389999.8665,3259999.9905,2018-05-31T12:48:43.458000Z
427,1.16863,1.16867,5360000.1335,1289999.9619,2018-05-31T12:48:44.207000Z
428,1.1686400000000001,1.16866,1250000.0,2059999.9428,2018-05-31T12:48:44.725000Z
429,1.16863,1.16866,3259999.9905,2809999.9428,2018-05-31T12:48:45.257000Z
430,1.1686400000000001,1.16866,1250000.0,2809999.9428,2018-05-31T12:48:45.805000Z
431,1.16863,1.16866,1759999.9905,3559999.9428,2018-05-31T12:48:46.312000Z
432,1.1686200000000002,1.16866,4989999.7711,2809999.9428,2018-05-31T12:48:47.388000Z
433,1.1686100000000001,1.16863,1120000.0048,4539999.9619,2018-05-31T12:48:47.701000Z
434,1.16857,1.1686100000000001,2509999.9905,3819999.9332,2018-05-31T12:48:47.805000Z
435,1.16856,1.16859,1200000.0477,1250000.0,2018-05-31T12:48:47.910000Z
436,1.16856,1.16857,1000000.0,1000000.0,2018-05-31T12:48:48.367000Z
437,1.1685100000000002,1.16855,2890000.1049,1250000.0,2018-05-31T12:48:48.524000Z
438,1.1685200000000002,1.16856,1200000.0477,1570000.0525,2018-05-31T12:48:50.174000Z
439,1.1685200000000002,1.16856,1070000.0525,3069999.9332,2018-05-31T12:48:52.942000Z
440,1.1685200000000002,1.16856,1200000.0477,3450000.0477,2018-05-31T12:48:53.510000Z
441,1.1685200000000002,1.16856,2140000.1049,3450000.0477,2018-05-31T12:48:54.021000Z
442,1.1685100000000002,1.16856,5139999.8665,1570000.0525,2018-05-31T12:48:54.741000Z
443,1.1685200000000002,1.16856,2140000.1049,3819999.9332,2018-05-31T12:48:55.449000Z
444,1.1685100000000002,1.16856,5139999.8665,2319999.9332,2018-05-31T12:48:55.983000Z
445,1.1685200000000002,1.16856,2140000.1049,6070000.1717,2018-05-31T12:48:56.774000Z
446,1.1685100000000002,1.16853,1200000.0477,3559999.9428,2018-05-31T12:48:56.963000Z
447,1.16853,1.16855,3299999.9523,5920000.0763,2018-05-31T12:48:57.170000Z
448,1.16853,1.16857,1100000.0238,3450000.0477,2018-05-31T12:48:57.425000Z
449,1.16856,1.16858,1000000.0,1950000.0477,2018-05-31T12:48:57.598000Z
450,1.16858,1.1686100000000001,1000000.0,3450000.0477,2018-05-31T12:48:57.752000Z
451,1.16858,1.1686,1000000.0,1000000.0,2018-05-31T12:48:58.533000Z
452,1.16858,1.1686,1000000.0,1070000.0525,2018-05-31T12:48:59.333000Z
453,1.16858,1.1686,1000000.0,1100000.0238,2018-05-31T12:48:59.907000Z
454,1.16856,1.16858,1100000.0238,4570000.1717,2018-05-31T12:49:00.219000Z
455,1.16854,1.16857,2319999.9332,1690000.0572,2018-05-31T12:49:00.542000Z
456,1.16854,1.16857,1250000.0,1009999.9905,2018-05-31T12:49:01.095000Z
457,1.16854,1.16857,1500000.0,1759999.9905,2018-05-31T12:49:01.798000Z
458,1.16853,1.16854,1200000.0477,1500000.0,2018-05-31T12:49:02.717000Z
459,1.1685100000000002,1.16855,7389999.8665,1000000.0,2018-05-31T12:49:02.821000Z
460,1.1685200000000002,1.16854,1500000.0,6750000.0,2018-05-31T12:49:03.294000Z
461,1.16849,1.1685200000000002,2619999.8856,2509999.9905,2018-05-31T12:49:03.402000Z
462,1.16849,1.1685200000000002,1870000.0048,2509999.9905,2018-05-31T12:49:03.913000Z
463,1.1685100000000002,1.16854,1000000.0,2619999.8856,2018-05-31T12:49:04.068000Z
464,1.1685100000000002,1.16854,3819999.9332,1000000.0,2018-05-31T12:49:04.223000Z
465,1.1685,1.16853,1759999.9905,1690000.0572,2018-05-31T12:49:04.761000Z
466,1.16849,1.16853,2319999.9332,6639999.8665,2018-05-31T12:49:05.305000Z
467,1.16849,1.1685200000000002,1100000.0238,1309999.9428,2018-05-31T12:49:06.001000Z
468,1.16849,1.1685,1250000.0,2529999.9714,2018-05-31T12:49:06.477000Z
469,1.1684700000000001,1.16849,2319999.9332,1100000.0238,2018-05-31T12:49:06.686000Z
470,1.16848,1.1685,1000000.0,1100000.0238,2018-05-31T12:49:06.738000Z
471,1.16849,1.1685100000000002,1000000.0,5889999.8665,2018-05-31T12:49:07.287000Z
472,1.1684700000000001,1.1685,2319999.9332,1370000.0048,2018-05-31T12:49:07.900000Z
473,1.1684100000000002,1.16844,2140000.1049,3750000.0,2018-05-31T12:49:08.224000Z
474,1.16843,1.16844,1500000.0,1500000.0,2018-05-31T12:49:08.276000Z
475,1.16843,1.16846,1000000.0,3450000.0477,2018-05-31T12:49:08.431000Z
476,1.16844,1.16846,1500000.0,1870000.0048,2018-05-31T12:49:08.965000Z
477,1.16844,1.1684700000000001,1070000.0525,2319999.9332,2018-05-31T12:49:10.237000Z
478,1.1684700000000001,1.16848,1000000.0,1100000.0238,2018-05-31T12:49:12.236000Z
479,1.16848,1.1685,1200000.0477,1870000.0048,2018-05-31T12:49:12.440000Z
480,1.16848,1.1685200000000002,2140000.1049,5889999.8665,2018-05-31T12:49:12.966000Z
481,1.16848,1.1685200000000002,1200000.0477,6409999.8474,2018-05-31T12:49:13.762000Z
482,1.16848,1.1685200000000002,2740000.0095,3259999.9905,2018-05-31T12:49:17.555000Z
483,1.16848,1.16853,6489999.7711,10949999.8093,2018-05-31T12:49:18.043000Z
484,1.16849,1.1685200000000002,1120000.0048,1100000.0238,2018-05-31T12:49:20.909000Z
485,1.16849,1.16853,5510000.2289,1570000.0525,2018-05-31T12:49:21.512000Z
486,1.16849,1.1685200000000002,2319999.9332,1759999.9905,2018-05-31T12:49:22.054000Z
487,1.16849,1.1685200000000002,1309999.9428,1009999.9905,2018-05-31T12:49:22.643000Z
488,1.1685100000000002,1.1685200000000002,1500000.0,1000000.0,2018-05-31T12:49:23.370000Z
489,1.1685100000000002,1.16854,1500000.0,2319999.9332,2018-05-31T12:49:23.540000Z
490,1.1685100000000002,1.16853,2319999.9332,1000000.0,2018-05-31T12:49:24.068000Z
491,1.1685100000000002,1.16855,2619999.8856,3450000.0477,2018-05-31T12:49:25.526000Z
492,1.16855,1.16856,1250000.0,1120000.0048,2018-05-31T12:49:25.578000Z
493,1.16856,1.16858,2890000.1049,1000000.0,2018-05-31T12:49:25.735000Z
494,1.16855,1.16859,4389999.8665,1950000.0477,2018-05-31T12:49:26.608000Z
495,1.16854,1.16858,7949999.8093,2319999.9332,2018-05-31T12:49:26.856000Z
496,1.16854,1.16856,2319999.9332,1000000.0,2018-05-31T12:49:27.380000Z
497,1.16853,1.16856,2890000.1049,1100000.0238,2018-05-31T12:49:27.928000Z
498,1.16854,1.16857,3819999.9332,1690000.0572,2018-05-31T12:49:29.881000Z
499,1.16855,1.16857,1000000.0,1690000.0572,2018-05-31T12:49:30.430000Z
500,1.16854,1.16856,4389999.8665,1000000.0,2018-05-31T12:49:30.805000Z
501,1.1685200000000002,1.16855,4760000.2289,1000000.0,2018-05-31T12:49:31.325000Z
502,1.16853,1.16855,1320000.0525,1250000.0,2018-05-31T12:49:31.832000Z
503,1.16853,1.16855,1200000.0477,1000000.0,2018-05-31T12:49:32.517000Z
504,1.16855,1.16856,1690000.0572,1100000.0238,2018-05-31T12:49:32.684000Z
505,1.16855,1.16858,3259999.9905,5250000.0,2018-05-31T12:49:32.790000Z
506,1.16855,1.16856,1100000.0238,1000000.0,2018-05-31T12:49:32.844000Z
507,1.16855,1.16858,2140000.1049,1200000.0477,2018-05-31T12:49:33.361000Z
508,1.16856,1.16857,1100000.0238,1000000.0,2018-05-31T12:49:33.887000Z
509,1.16855,1.16857,1759999.9905,1009999.9905,2018-05-31T12:49:34.393000Z
510,1.16856,1.1686,2890000.1049,6070000.1717,2018-05-31T12:49:34.940000Z
511,1.16855,1.16856,1009999.9905,1000000.0,2018-05-31T12:49:35.329000Z
512,1.1685200000000002,1.16855,3819999.9332,1000000.0,2018-05-31T12:49:35.636000Z
513,1.16856,1.16858,1000000.0,1200000.0477,2018-05-31T12:49:37.142000Z
514,1.16854,1.16856,1100000.0238,1570000.0525,2018-05-31T12:49:37.656000Z
515,1.1685200000000002,1.16854,5019999.9809,3190000.0572,2018-05-31T12:49:37.710000Z
516,1.1685,1.1685200000000002,2170000.0763,3190000.0572,2018-05-31T12:49:37.870000Z
517,1.16848,1.1685100000000002,2509999.9905,1009999.9905,2018-05-31T12:49:37.973000Z
518,1.16849,1.1685200000000002,1000000.0,4389999.8665,2018-05-31T12:49:38.714000Z
519,1.16849,1.1685100000000002,1000000.0,1000000.0,2018-05-31T12:49:39.246000Z
520,1.16848,1.1685200000000002,1950000.0477,7199999.8093,2018-05-31T12:49:39.768000Z
521,1.1685,1.16854,2890000.1049,2319999.9332,2018-05-31T12:49:39.950000Z
522,1.1685,1.1685200000000002,1009999.9905,1000000.0,2018-05-31T12:49:40.105000Z
523,1.16848,1.1685100000000002,1759999.9905,1000000.0,2018-05-31T12:49:40.627000Z
524,1.16848,1.1685,1389999.9857,1000000.0,2018-05-31T12:49:41.196000Z
525,1.16848,1.1685100000000002,1200000.0477,1000000.0,2018-05-31T12:49:41.779000Z
526,1.16848,1.1685100000000002,1289999.9619,1000000.0,2018-05-31T12:49:42.284000Z
527,1.16849,1.1685200000000002,1250000.0,2140000.1049,2018-05-31T12:49:43.094000Z
528,1.16848,1.1685100000000002,13569999.6948,1000000.0,2018-05-31T12:49:43.642000Z
529,1.16849,1.1685200000000002,1950000.0477,2440000.0572,2018-05-31T12:49:45.177000Z
530,1.16848,1.1685100000000002,7760000.2289,1250000.0,2018-05-31T12:49:45.699000Z
531,1.16848,1.1685100000000002,3640000.1049,1000000.0,2018-05-31T12:49:46.233000Z
532,1.16848,1.1685200000000002,2890000.1049,1000000.0,2018-05-31T12:49:47Z
533,1.1685100000000002,1.16853,1100000.0238,1250000.0,2018-05-31T12:49:47.345000Z
534,1.1685100000000002,1.16854,2319999.9332,1690000.0572,2018-05-31T12:49:47.970000Z
535,1.1685,1.16853,5510000.2289,1250000.0,2018-05-31T12:49:48.474000Z
536,1.1685,1.16854,6070000.1717,1759999.9905,2018-05-31T12:49:49.077000Z
537,1.16849,1.1685200000000002,1250000.0,1570000.0525,2018-05-31T12:49:49.387000Z
538,1.16849,1.1685100000000002,1100000.0238,1100000.0238,2018-05-31T12:49:49.890000Z
539,1.16848,1.1685200000000002,3640000.1049,1950000.0477,2018-05-31T12:49:50.426000Z
540,1.16848,1.1685100000000002,3640000.1049,1000000.0,2018-05-31T12:49:51.202000Z
541,1.1685,1.1685200000000002,4010000.2289,1100000.0238,2018-05-31T12:49:51.515000Z
542,1.1685,1.16854,7760000.2289,3450000.0477,2018-05-31T12:49:51.723000Z
543,1.1685200000000002,1.16854,2250000.0,4199999.8093,2018-05-31T12:49:52.132000Z
544,1.1685100000000002,1.16855,5510000.2289,1570000.0525,2018-05-31T12:49:52.670000Z
545,1.1685100000000002,1.16855,5699999.8093,1200000.0477,2018-05-31T12:49:53.982000Z
546,1.1685100000000002,1.16855,2140000.1049,1200000.0477,2018-05-31T12:49:54.086000Z
547,1.1685100000000002,1.16855,1759999.9905,1200000.0477,2018-05-31T12:49:54.398000Z
548,1.1685,1.1685200000000002,4010000.2289,1000000.0,2018-05-31T12:49:54.659000Z
549,1.16848,1.1685100000000002,1570000.0525,1309999.9428,2018-05-31T12:49:54.826000Z
550,1.16848,1.1685200000000002,3819999.9332,2890000.1049,2018-05-31T12:49:55.347000Z
551,1.16849,1.16853,3750000.0,2319999.9332,2018-05-31T12:49:55.401000Z
552,1.16849,1.16853,2390000.1049,1100000.0238,2018-05-31T12:49:55.941000Z
553,1.16849,1.16853,6639999.8665,1100000.0238,2018-05-31T12:49:56.487000Z
554,1.16849,1.1685200000000002,1570000.0525,1570000.0525,2018-05-31T12:49:56.846000Z
555,1.16849,1.1685200000000002,1500000.0,1570000.0525,2018-05-31T12:49:57.581000Z
556,1.16849,1.16853,12109999.6567,1570000.0525,2018-05-31T12:49:58.095000Z
557,1.1685200000000002,1.16855,7010000.2289,1950000.0477,2018-05-31T12:49:58.402000Z
558,1.1685200000000002,1.16855,1200000.0477,1120000.0048,2018-05-31T12:49:58.937000Z
559,1.1685200000000002,1.16855,3640000.1049,1000000.0,2018-05-31T12:49:59.507000Z
560,1.1685200000000002,1.16855,2319999.9332,1000000.0,2018-05-31T12:50:00.078000Z
561,1.1685100000000002,1.16855,3259999.9905,6070000.1717,2018-05-31T12:50:01.279000Z
562,1.1685100000000002,1.16854,2509999.9905,2319999.9332,2018-05-31T12:50:01.849000Z
563,1.16853,1.16857,1759999.9905,1950000.0477,2018-05-31T12:50:02.180000Z
564,1.16853,1.16857,1690000.0572,4760000.2289,2018-05-31T12:50:02.835000Z
565,1.16853,1.16857,1389999.9857,2509999.9905,2018-05-31T12:50:03.385000Z
566,1.16853,1.16857,2059999.9428,5510000.2289,2018-05-31T12:50:04.036000Z
567,1.16855,1.16858,1500000.0,1100000.0238,2018-05-31T12:50:04.496000Z
568,1.16855,1.16858,7010000.2289,1000000.0,2018-05-31T12:50:05.016000Z
569,1.16854,1.16856,3259999.9905,1000000.0,2018-05-31T12:50:05.257000Z
570,1.16855,1.16858,1500000.0,4199999.8093,2018-05-31T12:50:05.424000Z
571,1.16854,1.16856,3000000.0,1250000.0,2018-05-31T12:50:05.839000Z
572,1.16853,1.16857,7199999.8093,1100000.0238,2018-05-31T12:50:06.371000Z
573,1.16855,1.16857,1000000.0,1000000.0,2018-05-31T12:50:06.978000Z
574,1.16855,1.16858,5510000.2289,1500000.0,2018-05-31T12:50:07.501000Z
575,1.16858,1.1686100000000001,5889999.8665,1759999.9905,2018-05-31T12:50:07.845000Z
576,1.1686100000000001,1.1686400000000001,1190000.0572,5320000.1717,2018-05-31T12:50:08.163000Z
577,1.1686,1.1686200000000002,2140000.1049,1000000.0,2018-05-31T12:50:08.924000Z
578,1.16859,1.1686,6449999.8093,1000000.0,2018-05-31T12:50:08.978000Z
579,1.16855,1.16859,3259999.9905,7949999.8093,2018-05-31T12:50:09.182000Z
580,1.16855,1.16857,3069999.9332,1100000.0238,2018-05-31T12:50:09.700000Z
581,1.16854,1.16857,3640000.1049,1070000.0525,2018-05-31T12:50:10.240000Z
582,1.16856,1.16859,1500000.0,2700000.0477,2018-05-31T12:50:10.778000Z
583,1.16855,1.16858,5510000.2289,1000000.0,2018-05-31T12:50:12.347000Z
584,1.16855,1.16857,6070000.1717,5500000.0,2018-05-31T12:50:12.964000Z
585,1.16853,1.16854,1000000.0,1000000.0,2018-05-31T12:50:13.138000Z
586,1.1685100000000002,1.16854,1500000.0,1419999.9571,2018-05-31T12:50:13.346000Z
587,1.1685,1.1685100000000002,1000000.0,1500000.0,2018-05-31T12:50:13.512000Z
588,1.16848,1.1685,2809999.9428,1309999.9428,2018-05-31T12:50:13.772000Z
589,1.16848,1.1685,1000000.0,8210000.0381,2018-05-31T12:50:14.287000Z
590,1.1684700000000001,1.1685,2440000.0572,8210000.0381,2018-05-31T12:50:14.788000Z
591,1.16844,1.16845,3640000.1049,1500000.0,2018-05-31T12:50:14.947000Z
592,1.16843,1.16845,1120000.0048,3450000.0477,2018-05-31T12:50:15.001000Z
593,1.1684100000000002,1.1684200000000002,2140000.1049,2099999.9046,2018-05-31T12:50:15.059000Z
594,1.16839,1.1684100000000002,1500000.0,1120000.0048,2018-05-31T12:50:15.164000Z
595,1.1684200000000002,1.16843,1000000.0,1570000.0525,2018-05-31T12:50:15.345000Z
596,1.1684,1.16843,3000000.0,1100000.0238,2018-05-31T12:50:15.449000Z
597,1.1684200000000002,1.16844,1000000.0,6489999.7711,2018-05-31T12:50:15.603000Z
598,1.1684200000000002,1.16844,1120000.0048,1570000.0525,2018-05-31T12:50:16.125000Z
599,1.1684100000000002,1.16845,1389999.9857,3069999.9332,2018-05-31T12:50:16.656000Z
600,1.1684100000000002,1.16845,1570000.0525,1200000.0477,2018-05-31T12:50:17.182000Z
601,1.16843,1.16845,1000000.0,1950000.0477,2018-05-31T12:50:17.503000Z
602,1.16843,1.16845,1120000.0048,1570000.0525,2018-05-31T12:50:18.023000Z
603,1.1684100000000002,1.1684200000000002,1000000.0,3000000.0,2018-05-31T12:50:18.509000Z
604,1.16839,1.1684100000000002,3109999.8951,1120000.0048,2018-05-31T12:50:18.564000Z
605,1.16838,1.1684100000000002,1500000.0,1950000.0477,2018-05-31T12:50:19.439000Z
606,1.16838,1.1684100000000002,1500000.0,2700000.0477,2018-05-31T12:50:19.543000Z
607,1.16838,1.1684100000000002,1000000.0,4869999.8856,2018-05-31T12:50:20.085000Z
608,1.16839,1.1684100000000002,1000000.0,4760000.2289,2018-05-31T12:50:20.749000Z
609,1.16838,1.1684,1100000.0238,3450000.0477,2018-05-31T12:50:21.263000Z
610,1.1683700000000001,1.16838,1200000.0477,1000000.0,2018-05-31T12:50:21.471000Z
611,1.16834,1.16836,1000000.0,6260000.2289,2018-05-31T12:50:21.631000Z
612,1.16832,1.16834,2250000.0,3250000.0,2018-05-31T12:50:21.823000Z
613,1.1683000000000001,1.1683100000000002,1000000.0,1389999.9857,2018-05-31T12:50:21.877000Z
614,1.16828,1.1683100000000002,1500000.0,3259999.9905,2018-05-31T12:50:21.930000Z
615,1.16829,1.1683100000000002,1000000.0,2890000.1049,2018-05-31T12:50:22.244000Z
616,1.1683000000000001,1.16832,1000000.0,4570000.1717,2018-05-31T12:50:22.297000Z
617,1.1683100000000002,1.16832,1000000.0,1570000.0525,2018-05-31T12:50:22.804000Z
618,1.16829,1.1683100000000002,1000000.0,3000000.0,2018-05-31T12:50:23.063000Z
619,1.16829,1.16832,1500000.0,6750000.0,2018-05-31T12:50:23.589000Z
620,1.16829,1.16832,1870000.0048,3819999.9332,2018-05-31T12:50:24.116000Z
621,1.16829,1.16832,1120000.0048,3819999.9332,2018-05-31T12:50:24.989000Z
622,1.1683000000000001,1.16832,1000000.0,1200000.0477,2018-05-31T12:50:25.248000Z
623,1.16828,1.1683100000000002,1500000.0,1200000.0477,2018-05-31T12:50:25.789000Z
624,1.16828,1.1683100000000002,1120000.0048,1200000.0477,2018-05-31T12:50:26.320000Z
625,1.16829,1.1683100000000002,1000000.0,1500000.0,2018-05-31T12:50:27.603000Z
626,1.1683100000000002,1.16832,1500000.0,1500000.0,2018-05-31T12:50:27.917000Z
627,1.1683000000000001,1.16832,1000000.0,1500000.0,2018-05-31T12:50:28.465000Z
628,1.1683000000000001,1.16833,1500000.0,3450000.0477,2018-05-31T12:50:29.222000Z
629,1.16828,1.16832,4869999.8856,1009999.9905,2018-05-31T12:50:29.593000Z
630,1.1683000000000001,1.16832,1000000.0,2700000.0477,2018-05-31T12:50:30.169000Z
631,1.16829,1.16832,1690000.0572,2509999.9905,2018-05-31T12:50:30.707000Z
632,1.16828,1.16832,4010000.2289,1450000.0477,2018-05-31T12:50:31.668000Z
633,1.1683000000000001,1.16833,1500000.0,3069999.9332,2018-05-31T12:50:32.166000Z
634,1.16832,1.16834,1000000.0,1570000.0525,2018-05-31T12:50:32.424000Z
635,1.16832,1.16835,1500000.0,5320000.1717,2018-05-31T12:50:33.704000Z
636,1.16832,1.16835,1500000.0,6449999.8093,2018-05-31T12:50:34.010000Z
637,1.16832,1.16835,1500000.0,5320000.1717,2018-05-31T12:50:34.062000Z
638,1.16832,1.16835,1000000.0,4949999.8093,2018-05-31T12:50:34.525000Z
639,1.16832,1.16835,1000000.0,3819999.9332,2018-05-31T12:50:34.627000Z
640,1.16832,1.16834,1000000.0,1570000.0525,2018-05-31T12:50:35.139000Z
641,1.16832,1.16835,1000000.0,3819999.9332,2018-05-31T12:50:35.800000Z
642,1.16834,1.16835,1500000.0,3069999.9332,2018-05-31T12:50:35.906000Z
643,1.16834,1.16836,1500000.0,1200000.0477,2018-05-31T12:50:36.066000Z
644,1.16835,1.16838,1000000.0,8319999.6948,2018-05-31T12:50:36.579000Z
645,1.16836,1.16838,1000000.0,6070000.1717,2018-05-31T12:50:37.106000Z
646,1.16835,1.1683700000000001,1100000.0238,1100000.0238,2018-05-31T12:50:37.626000Z
647,1.16836,1.16838,1500000.0,1000000.0,2018-05-31T12:50:38.151000Z
648,1.16834,1.16836,5320000.1717,1120000.0048,2018-05-31T12:50:38.550000Z
649,1.16832,1.16836,7199999.8093,1950000.0477,2018-05-31T12:50:38.654000Z
650,1.1683100000000002,1.16834,3259999.9905,1690000.0572,2018-05-31T12:50:39.089000Z
651,1.16829,1.1683000000000001,1000000.0,1250000.0,2018-05-31T12:50:39.403000Z
652,1.16829,1.1683100000000002,1000000.0,2619999.8856,2018-05-31T12:50:40.693000Z
653,1.16828,1.1683100000000002,1309999.9428,2059999.9428,2018-05-31T12:50:41.211000Z
654,1.1683000000000001,1.1683100000000002,1120000.0048,1009999.9905,2018-05-31T12:50:41.579000Z
655,1.1683000000000001,1.16833,5699999.8093,1000000.0,2018-05-31T12:50:41.941000Z
656,1.1683000000000001,1.16834,8739999.7711,1570000.0525,2018-05-31T12:50:42.248000Z
657,1.1683000000000001,1.16833,3819999.9332,7199999.8093,2018-05-31T12:50:42.689000Z
658,1.16829,1.16832,1370000.0048,3069999.9332,2018-05-31T12:50:43.257000Z
659,1.16829,1.16832,1000000.0,7420000.0763,2018-05-31T12:50:45.202000Z
660,1.16829,1.16832,1269999.9809,4420000.0763,2018-05-31T12:50:45.805000Z
661,1.16829,1.1683100000000002,1269999.9809,1250000.0,2018-05-31T12:50:46.334000Z
662,1.1683100000000002,1.16835,2250000.0,6639999.8665,2018-05-31T12:50:46.775000Z
663,1.1683100000000002,1.16835,2250000.0,5139999.8665,2018-05-31T12:50:46.827000Z
664,1.16833,1.16836,1500000.0,3640000.1049,2018-05-31T12:50:47.038000Z
665,1.16833,1.16836,2250000.0,1200000.0477,2018-05-31T12:50:47.540000Z
666,1.1683100000000002,1.16834,2140000.1049,2700000.0477,2018-05-31T12:50:48.598000Z
667,1.1683000000000001,1.16832,3000000.0,1870000.0048,2018-05-31T12:50:48.652000Z
668,1.16832,1.16833,1000000.0,1200000.0477,2018-05-31T12:50:48.758000Z
669,1.1683000000000001,1.16833,1950000.0477,1120000.0048,2018-05-31T12:50:48.863000Z
670,1.16832,1.16833,1000000.0,1120000.0048,2018-05-31T12:50:48.916000Z
671,1.1683000000000001,1.16833,1200000.0477,2809999.9428,2018-05-31T12:50:49.073000Z
672,1.1683000000000001,1.1683100000000002,1000000.0,1250000.0,2018-05-31T12:50:49.488000Z
673,1.1683000000000001,1.16832,1000000.0,6750000.0,2018-05-31T12:50:50.127000Z
674,1.1683000000000001,1.1683100000000002,1000000.0,1000000.0,2018-05-31T12:50:50.673000Z
675,1.1683000000000001,1.16832,1000000.0,4389999.8665,2018-05-31T12:50:51.220000Z
676,1.16829,1.16832,1200000.0477,3640000.1049,2018-05-31T12:50:51.838000Z
677,1.16829,1.1683100000000002,1070000.0525,1000000.0,2018-05-31T12:50:52.460000Z
678,1.16829,1.1683100000000002,1000000.0,1000000.0,2018-05-31T12:50:53.021000Z
679,1.16829,1.16832,1269999.9809,3450000.0477,2018-05-31T12:50:53.632000Z
680,1.16829,1.1683100000000002,1269999.9809,1250000.0,2018-05-31T12:50:54.148000Z
681,1.1683000000000001,1.1683100000000002,1000000.0,1250000.0,2018-05-31T12:50:55.176000Z
682,1.1682700000000001,1.16828,1570000.0525,1120000.0048,2018-05-31T12:50:55.643000Z
683,1.1682299999999999,1.16826,1200000.0477,1870000.0048,2018-05-31T12:50:55.852000Z
684,1.16824,1.1682700000000001,2769999.9809,3259999.9905,2018-05-31T12:50:56.437000Z
685,1.1682299999999999,1.16825,1200000.0477,1000000.0,2018-05-31T12:50:56.959000Z
686,1.1682299999999999,1.16826,2099999.9046,2700000.0477,2018-05-31T12:50:57.501000Z
687,1.1682299999999999,1.16826,2549999.9523,2319999.9332,2018-05-31T12:50:58.484000Z
688,1.1682299999999999,1.16826,1350000.0238,3450000.0477,2018-05-31T12:50:59.002000Z
689,1.16822,1.16824,1000000.0,1690000.0572,2018-05-31T12:50:59.436000Z
690,1.16819,1.16822,5320000.1717,1120000.0048,2018-05-31T12:50:59.595000Z
691,1.16819,1.1682000000000001,1570000.0525,1000000.0,2018-05-31T12:51:00.133000Z
692,1.16819,1.1682100000000002,1000000.0,1120000.0048,2018-05-31T12:51:00.642000Z
693,1.16819,1.1682000000000001,1000000.0,2250000.0,2018-05-31T12:51:01.265000Z
694,1.16814,1.16816,2250000.0,1200000.0477,2018-05-31T12:51:01.456000Z
695,1.16811,1.16813,3069999.9332,2869999.8856,2018-05-31T12:51:01.616000Z
696,1.16812,1.16815,1500000.0,2509999.9905,2018-05-31T12:51:01.773000Z
697,1.16814,1.16816,1000000.0,2890000.1049,2018-05-31T12:51:02.085000Z
698,1.16813,1.16816,1120000.0048,4389999.8665,2018-05-31T12:51:03.022000Z
699,1.16815,1.1681700000000002,1000000.0,2890000.1049,2018-05-31T12:51:04.013000Z
700,1.16816,1.16818,1049999.9523,1570000.0525,2018-05-31T12:51:04.539000Z
701,1.1681700000000002,1.16818,1000000.0,1000000.0,2018-05-31T12:51:05.074000Z
702,1.1681700000000002,1.16819,1000000.0,1200000.0477,2018-05-31T12:51:05.639000Z
703,1.1682000000000001,1.1682100000000002,1000000.0,6449999.8093,2018-05-31T12:51:06.404000Z
704,1.1682100000000002,1.16824,1120000.0048,1759999.9905,2018-05-31T12:51:06.507000Z
705,1.1682299999999999,1.16825,1000000.0,9449999.8093,2018-05-31T12:51:06.558000Z
706,1.16822,1.16825,2619999.8856,1870000.0048,2018-05-31T12:51:07.071000Z
707,1.16825,1.16826,2250000.0,1100000.0238,2018-05-31T12:51:07.408000Z
708,1.16825,1.1682700000000001,1100000.0238,1250000.0,2018-05-31T12:51:07.513000Z
709,1.16824,1.1682700000000001,1049999.9523,1759999.9905,2018-05-31T12:51:08.042000Z
710,1.16824,1.1682700000000001,1799999.9523,3640000.1049,2018-05-31T12:51:08.590000Z
711,1.16824,1.16826,1299999.9523,1009999.9905,2018-05-31T12:51:09.100000Z
712,1.1682299999999999,1.16826,2619999.8856,1250000.0,2018-05-31T12:51:09.631000Z
713,1.1682299999999999,1.16826,1570000.0525,1250000.0,2018-05-31T12:51:10.207000Z
714,1.16824,1.16826,2250000.0,1100000.0238,2018-05-31T12:51:10.726000Z
715,1.16825,1.16826,1000000.0,1120000.0048,2018-05-31T12:51:11.890000Z
716,1.1682299999999999,1.16826,2250000.0,1389999.9857,2018-05-31T12:51:12.838000Z
717,1.16825,1.1682700000000001,1000000.0,6260000.2289,2018-05-31T12:51:13.386000Z
718,1.16826,1.16829,1350000.0238,3259999.9905,2018-05-31T12:51:16.161000Z
719,1.16826,1.16829,1100000.0238,7570000.1717,2018-05-31T12:51:16.424000Z
720,1.1682700000000001,1.16829,1100000.0238,2140000.1049,2018-05-31T12:51:16.550000Z
721,1.16826,1.16829,1000000.0,2319999.9332,2018-05-31T12:51:17.069000Z
722,1.16825,1.16828,1000000.0,5889999.8665,2018-05-31T12:51:17.276000Z
723,1.16824,1.1682700000000001,1100000.0238,7239999.7711,2018-05-31T12:51:17.812000Z
724,1.16825,1.16826,1000000.0,1000000.0,2018-05-31T12:51:18.476000Z
725,1.1682299999999999,1.16826,1570000.0525,2509999.9905,2018-05-31T12:51:19.163000Z
726,1.16822,1.16826,3450000.0477,3819999.9332,2018-05-31T12:51:19.962000Z
727,1.1681700000000002,1.1682000000000001,4199999.8093,1389999.9857,2018-05-31T12:51:20.281000Z
728,1.16819,1.1682000000000001,1000000.0,2140000.1049,2018-05-31T12:51:20.596000Z
729,1.16819,1.1682100000000002,1000000.0,2509999.9905,2018-05-31T12:51:21.144000Z
730,1.16815,1.1681700000000002,1000000.0,4199999.8093,2018-05-31T12:51:21.511000Z
731,1.16815,1.16818,1100000.0238,3640000.1049,2018-05-31T12:51:22.031000Z
732,1.16815,1.16816,1000000.0,1690000.0572,2018-05-31T12:51:22.580000Z
733,1.16814,1.16816,1000000.0,2509999.9905,2018-05-31T12:51:23.116000Z
734,1.16814,1.1681700000000002,1000000.0,4570000.1717,2018-05-31T12:51:24.547000Z
735,1.16815,1.16818,2250000.0,1009999.9905,2018-05-31T12:51:25.126000Z
736,1.16814,1.1681700000000002,1100000.0238,5849999.9046,2018-05-31T12:51:25.282000Z
737,1.16815,1.1681700000000002,1000000.0,2319999.9332,2018-05-31T12:51:26.241000Z
738,1.16816,1.16819,1000000.0,7949999.8093,2018-05-31T12:51:26.511000Z
739,1.16815,1.1681700000000002,2319999.9332,1250000.0,2018-05-31T12:51:26.909000Z
740,1.16814,1.16816,1120000.0048,4010000.2289,2018-05-31T12:51:27.222000Z
741,1.16814,1.16816,1120000.0048,1759999.9905,2018-05-31T12:51:27.820000Z
742,1.16815,1.16816,1000000.0,2890000.1049,2018-05-31T12:51:28.466000Z
743,1.16813,1.16815,1120000.0048,1190000.0572,2018-05-31T12:51:28.822000Z
744,1.16812,1.16813,1100000.0238,3940000.0572,2018-05-31T12:51:28.875000Z
745,1.16809,1.16812,2619999.8856,2509999.9905,2018-05-31T12:51:29.214000Z
746,1.16811,1.16812,1000000.0,2140000.1049,2018-05-31T12:51:29.265000Z
747,1.16806,1.16808,5469999.7902,4469999.7902,2018-05-31T12:51:30.004000Z
748,1.16804,1.16806,2250000.0,1250000.0,2018-05-31T12:51:30.160000Z
749,1.16801,1.16804,1570000.0525,3750000.0,2018-05-31T12:51:30.451000Z
750,1.1680000000000001,1.16803,9359999.6567,1000000.0,2018-05-31T12:51:30.506000Z
751,1.16799,1.16801,1000000.0,3000000.0,2018-05-31T12:51:31.005000Z
752,1.16799,1.16803,4650000.0954,4119999.8856,2018-05-31T12:51:31.547000Z
753,1.16799,1.16802,1570000.0525,1250000.0,2018-05-31T12:51:32.062000Z
754,1.16799,1.16803,6449999.8093,2700000.0477,2018-05-31T12:51:32.589000Z
755,1.1680000000000001,1.16803,2700000.0477,2250000.0,2018-05-31T12:51:34.438000Z
756,1.16799,1.16803,1200000.0477,6070000.1717,2018-05-31T12:51:34.957000Z
757,1.16799,1.1680000000000001,3559999.9428,1000000.0,2018-05-31T12:51:35.432000Z
758,1.16799,1.16803,2140000.1049,7610000.1335,2018-05-31T12:51:35.536000Z
759,1.1680000000000001,1.16803,1320000.0525,4199999.8093,2018-05-31T12:51:35.640000Z
760,1.16798,1.16801,6880000.1144,1000000.0,2018-05-31T12:51:36.173000Z
761,1.16798,1.16801,3109999.8951,1000000.0,2018-05-31T12:51:36.882000Z
762,1.16799,1.16801,1539999.9619,1690000.0572,2018-05-31T12:51:39.911000Z
763,1.16798,1.16801,4949999.8093,1500000.0,2018-05-31T12:51:40.421000Z
764,1.1680000000000001,1.16801,1000000.0,1500000.0,2018-05-31T12:51:41.061000Z
765,1.16799,1.16801,1120000.0048,1500000.0,2018-05-31T12:51:41.615000Z
766,1.1680000000000001,1.16801,1000000.0,1500000.0,2018-05-31T12:51:42.131000Z
767,1.16799,1.16802,1500000.0,4010000.2289,2018-05-31T12:51:42.667000Z
768,1.1680000000000001,1.16801,1000000.0,1120000.0048,2018-05-31T12:51:43.349000Z
769,1.16799,1.16801,1000000.0,1870000.0048,2018-05-31T12:51:43.876000Z
770,1.1680000000000001,1.16803,1100000.0238,2440000.0572,2018-05-31T12:51:44.085000Z
771,1.16804,1.16806,2690000.0572,5360000.1335,2018-05-31T12:51:44.561000Z
772,1.16805,1.1680700000000002,3069999.9332,1690000.0572,2018-05-31T12:51:44.700000Z
773,1.16802,1.1680700000000002,4389999.8665,7010000.2289,2018-05-31T12:51:44.910000Z
774,1.16802,1.16805,1570000.0525,1120000.0048,2018-05-31T12:51:45.014000Z
775,1.16802,1.16805,3450000.0477,1100000.0238,2018-05-31T12:51:45.520000Z
776,1.16802,1.16803,1100000.0238,1000000.0,2018-05-31T12:51:46.029000Z
777,1.1679700000000002,1.16801,4570000.1717,3640000.1049,2018-05-31T12:51:46.332000Z
778,1.1679700000000002,1.16801,1200000.0477,4389999.8665,2018-05-31T12:51:47.733000Z
779,1.1679700000000002,1.16801,1100000.0238,5699999.8093,2018-05-31T12:51:48.236000Z
780,1.16796,1.16801,4199999.8093,4010000.2289,2018-05-31T12:51:48.442000Z
781,1.1679700000000002,1.16799,1000000.0,1350000.0238,2018-05-31T12:51:49.066000Z
782,1.16793,1.1679700000000002,1500000.0,5139999.8665,2018-05-31T12:51:49.381000Z
783,1.16792,1.16795,4570000.1717,1120000.0048,2018-05-31T12:51:49.912000Z
784,1.16792,1.16795,2619999.8856,1200000.0477,2018-05-31T12:51:50.415000Z
785,1.16792,1.16795,1570000.0525,1690000.0572,2018-05-31T12:51:51.005000Z
786,1.16791,1.16795,1100000.0238,1950000.0477,2018-05-31T12:51:51.518000Z
787,1.16791,1.16794,1100000.0238,1690000.0572,2018-05-31T12:51:51.639000Z
788,1.1679000000000002,1.16794,7760000.2289,3259999.9905,2018-05-31T12:51:52.277000Z
789,1.1679000000000002,1.16794,3819999.9332,5889999.8665,2018-05-31T12:51:52.818000Z
790,1.16793,1.16795,1000000.0,1950000.0477,2018-05-31T12:51:53.267000Z
791,1.16791,1.16795,4570000.1717,1200000.0477,2018-05-31T12:51:53.320000Z
792,1.16793,1.16795,1000000.0,1120000.0048,2018-05-31T12:51:53.738000Z
793,1.16792,1.16795,1570000.0525,1870000.0048,2018-05-31T12:51:54.247000Z
794,1.16791,1.16795,4199999.8093,2509999.9905,2018-05-31T12:51:54.787000Z
795,1.16795,1.1679700000000002,1000000.0,1200000.0477,2018-05-31T12:51:55.759000Z
796,1.16795,1.16798,1570000.0525,1500000.0,2018-05-31T12:51:56.283000Z
797,1.16796,1.16799,1000000.0,5360000.1335,2018-05-31T12:51:56.758000Z
798,1.1679700000000002,1.1680000000000001,2700000.0477,1000000.0,2018-05-31T12:51:56.971000Z
799,1.16798,1.1680000000000001,1000000.0,2059999.9428,2018-05-31T12:51:58.989000Z
800,1.16796,1.1680000000000001,3819999.9332,2359999.8951,2018-05-31T12:51:59.549000Z
801,1.1679700000000002,1.16799,1009999.9905,1389999.9857,2018-05-31T12:52:00.070000Z
802,1.16796,1.16799,4199999.8093,3410000.0858,2018-05-31T12:52:00.705000Z
803,1.16799,1.1680000000000001,1000000.0,1120000.0048,2018-05-31T12:52:01.038000Z
804,1.16798,1.16801,1759999.9905,1120000.0048,2018-05-31T12:52:01.600000Z
805,1.1680000000000001,1.16803,1120000.0048,5320000.1717,2018-05-31T12:52:02.172000Z
806,1.1680000000000001,1.16804,5699999.8093,2170000.0763,2018-05-31T12:52:02.343000Z
807,1.16801,1.16805,1309999.9428,5139999.8665,2018-05-31T12:52:02.859000Z
808,1.16805,1.16806,2319999.9332,1120000.0048,2018-05-31T12:52:03.418000Z
809,1.16806,1.16808,1500000.0,1070000.0525,2018-05-31T12:52:03.472000Z
810,1.1680700000000002,1.16809,1500000.0,1250000.0,2018-05-31T12:52:03.528000Z
811,1.16809,1.1681000000000001,1000000.0,3819999.9332,2018-05-31T12:52:03.737000Z
812,1.16811,1.16814,1500000.0,4090000.1526,2018-05-31T12:52:03.846000Z
813,1.16813,1.1681700000000002,3259999.9905,4989999.7711,2018-05-31T12:52:04.012000Z
814,1.16811,1.16814,1450000.0477,2440000.0572,2018-05-31T12:52:04.323000Z
815,1.16809,1.16812,2700000.0477,1450000.0477,2018-05-31T12:52:04.426000Z
816,1.1681000000000001,1.16812,6070000.1717,1000000.0,2018-05-31T12:52:04.814000Z
817,1.16812,1.16814,1000000.0,1950000.0477,2018-05-31T12:52:04.866000Z
818,1.16812,1.16816,2250000.0,3450000.0477,2018-05-31T12:52:05.378000Z
819,1.16812,1.16816,4760000.2289,3640000.1049,2018-05-31T12:52:05.513000Z
820,1.16812,1.16816,4760000.2289,1950000.0477,2018-05-31T12:52:06.035000Z
821,1.16812,1.16816,4389999.8665,3640000.1049,2018-05-31T12:52:06.575000Z
822,1.16813,1.16816,2059999.9428,1950000.0477,2018-05-31T12:52:07.101000Z
823,1.16812,1.16814,1500000.0,1299999.9523,2018-05-31T12:52:07.594000Z
824,1.16811,1.16812,1000000.0,1350000.0238,2018-05-31T12:52:08.114000Z
825,1.1681000000000001,1.16812,1000000.0,3490000.0095,2018-05-31T12:52:08.218000Z
826,1.16808,1.16812,1759999.9905,6670000.0763,2018-05-31T12:52:08.270000Z
827,1.16808,1.16809,1759999.9905,1500000.0,2018-05-31T12:52:09.086000Z
828,1.16806,1.16808,2890000.1049,1000000.0,2018-05-31T12:52:09.540000Z
829,1.16805,1.16806,2250000.0,1350000.0238,2018-05-31T12:52:09.646000Z
830,1.16804,1.16806,1200000.0477,1350000.0238,2018-05-31T12:52:09.699000Z
831,1.16803,1.16805,1000000.0,3450000.0477,2018-05-31T12:52:10.067000Z
832,1.16802,1.16805,1950000.0477,7199999.8093,2018-05-31T12:52:10.663000Z
833,1.16802,1.16804,1120000.0048,3859999.8951,2018-05-31T12:52:12.754000Z
834,1.16799,1.16801,2440000.0572,1200000.0477,2018-05-31T12:52:13.082000Z
835,1.16798,1.16799,1870000.0048,1690000.0572,2018-05-31T12:52:13.163000Z
836,1.16792,1.16795,2809999.9428,1100000.0238,2018-05-31T12:52:13.474000Z
837,1.16794,1.16795,1000000.0,1100000.0238,2018-05-31T12:52:13.526000Z
838,1.16792,1.16795,2890000.1049,1000000.0,2018-05-31T12:52:13.828000Z
839,1.16791,1.16794,3640000.1049,1000000.0,2018-05-31T12:52:14.353000Z
840,1.16791,1.16793,1200000.0477,1000000.0,2018-05-31T12:52:14.698000Z
841,1.16792,1.16795,1500000.0,1200000.0477,2018-05-31T12:52:15.172000Z
842,1.16792,1.16794,1500000.0,2250000.0,2018-05-31T12:52:15.725000Z
843,1.16792,1.16793,1950000.0477,1000000.0,2018-05-31T12:52:16.277000Z
844,1.1679000000000002,1.16792,1200000.0477,1500000.0,2018-05-31T12:52:16.502000Z
845,1.1679000000000002,1.16793,2619999.8856,1570000.0525,2018-05-31T12:52:16.713000Z
846,1.1679000000000002,1.16794,3000000.0,7010000.2289,2018-05-31T12:52:17.243000Z
847,1.1679000000000002,1.16793,4869999.8856,1100000.0238,2018-05-31T12:52:17.840000Z
848,1.1679000000000002,1.16793,6559999.9428,1009999.9905,2018-05-31T12:52:18.589000Z
849,1.1679000000000002,1.16791,1000000.0,1000000.0,2018-05-31T12:52:18.745000Z
850,1.16789,1.1679000000000002,1250000.0,1000000.0,2018-05-31T12:52:18.798000Z
851,1.16789,1.16793,6369999.8856,2319999.9332,2018-05-31T12:52:19.078000Z
852,1.16791,1.16793,1000000.0,1389999.9857,2018-05-31T12:52:19.773000Z
853,1.16795,1.16796,1250000.0,1950000.0477,2018-05-31T12:52:20.194000Z
854,1.16794,1.16798,10760000.2289,1000000.0,2018-05-31T12:52:20.299000Z
855,1.16795,1.16799,1200000.0477,2319999.9332,2018-05-31T12:52:20.833000Z
856,1.1679700000000002,1.16799,1000000.0,1570000.0525,2018-05-31T12:52:21.278000Z
857,1.16793,1.16795,1049999.9523,1000000.0,2018-05-31T12:52:21.595000Z
858,1.16791,1.16795,4570000.1717,1000000.0,2018-05-31T12:52:21.751000Z
859,1.16792,1.16795,1070000.0525,1100000.0238,2018-05-31T12:52:22.268000Z
860,1.16793,1.16796,6829999.9237,1100000.0238,2018-05-31T12:52:22.870000Z
861,1.16792,1.16796,5139999.8665,2250000.0,2018-05-31T12:52:23.133000Z
862,1.16791,1.16795,11140000.3433,1250000.0,2018-05-31T12:52:23.668000Z
863,1.16791,1.16793,5699999.8093,1690000.0572,2018-05-31T12:52:23.830000Z
864,1.16785,1.1678600000000001,9520000.4578,1500000.0,2018-05-31T12:52:24.172000Z
865,1.16782,1.16785,1000000.0,6190000.0572,2018-05-31T12:52:24.225000Z
866,1.16779,1.16781,1000000.0,3190000.0572,2018-05-31T12:52:24.337000Z
867,1.1677600000000001,1.16779,3819999.9332,1570000.0525,2018-05-31T12:52:24.492000Z
868,1.16779,1.1678,1000000.0,1950000.0477,2018-05-31T12:52:24.602000Z
869,1.1677700000000002,1.1678,1120000.0048,1950000.0477,2018-05-31T12:52:25.112000Z
870,1.16775,1.1678,6260000.2289,3259999.9905,2018-05-31T12:52:25.970000Z
871,1.16775,1.1678,7570000.1717,3259999.9905,2018-05-31T12:52:26.638000Z
872,1.16774,1.1677600000000001,22950000.7629,3740000.0095,2018-05-31T12:52:27.246000Z
873,1.16771,1.16774,1200000.0477,2250000.0,2018-05-31T12:52:27.298000Z
874,1.1676900000000001,1.16772,6820000.1717,3940000.0572,2018-05-31T12:52:27.720000Z
875,1.1676700000000002,1.1677,4199999.8093,1559999.9428,2018-05-31T12:52:28.262000Z
876,1.16765,1.16768,2700000.0477,1000000.0,2018-05-31T12:52:28.482000Z
877,1.16762,1.16764,1100000.0238,2500000.0,2018-05-31T12:52:28.666000Z
878,1.1676,1.16761,7119999.8856,1120000.0048,2018-05-31T12:52:28.743000Z
879,1.1675700000000002,1.16758,1120000.0048,1500000.0,2018-05-31T12:52:28.847000Z
880,1.1675600000000002,1.16758,1000000.0,1320000.0525,2018-05-31T12:52:29.004000Z
881,1.1675600000000002,1.1676,1000000.0,1759999.9905,2018-05-31T12:52:29.181000Z
882,1.16755,1.1675700000000002,2170000.0763,1870000.0048,2018-05-31T12:52:29.234000Z
883,1.16754,1.16758,5139999.8665,1009999.9905,2018-05-31T12:52:29.390000Z
884,1.16754,1.1675600000000002,1200000.0477,1000000.0,2018-05-31T12:52:29.753000Z
885,1.16755,1.1675900000000001,1120000.0048,7929999.8283,2018-05-31T12:52:30.166000Z
886,1.16753,1.1675700000000002,4349999.9046,1500000.0,2018-05-31T12:52:30.316000Z
887,1.16755,1.1675700000000002,2170000.0763,1570000.0525,2018-05-31T12:52:30.828000Z
888,1.16758,1.1675900000000001,1500000.0,1000000.0,2018-05-31T12:52:31.129000Z
889,1.1675900000000001,1.16762,1870000.0048,3000000.0,2018-05-31T12:52:31.181000Z
890,1.16758,1.16761,1419999.9571,2700000.0477,2018-05-31T12:52:31.717000Z
891,1.16754,1.16758,10010000.2289,1100000.0238,2018-05-31T12:52:31.876000Z
892,1.16754,1.1675900000000001,5510000.2289,3640000.1049,2018-05-31T12:52:32.399000Z
893,1.1675600000000002,1.1675900000000001,1500000.0,6750000.0,2018-05-31T12:52:33.234000Z
894,1.16755,1.16758,8319999.6948,1120000.0048,2018-05-31T12:52:33.828000Z
895,1.16755,1.1675900000000001,1759999.9905,4869999.8856,2018-05-31T12:52:34.143000Z
896,1.16754,1.16758,4570000.1717,1450000.0477,2018-05-31T12:52:34.249000Z
897,1.16753,1.16758,4010000.2289,2700000.0477,2018-05-31T12:52:34.758000Z
898,1.16751,1.16753,1000000.0,1000000.0,2018-05-31T12:52:35.076000Z
899,1.1675200000000001,1.16754,1000000.0,1500000.0,2018-05-31T12:52:35.579000Z
900,1.16751,1.16755,2250000.0,2140000.1049,2018-05-31T12:52:36.094000Z
901,1.16751,1.16755,1570000.0525,2140000.1049,2018-05-31T12:52:36.637000Z
902,1.1675,1.16754,1570000.0525,3259999.9905,2018-05-31T12:52:37.332000Z
903,1.1675,1.16753,5019999.9809,1070000.0525,2018-05-31T12:52:37.847000Z
904,1.1675,1.16754,5769999.9809,4010000.2289,2018-05-31T12:52:38.428000Z
905,1.1675,1.16754,5019999.9809,1950000.0477,2018-05-31T12:52:38.974000Z
906,1.1675,1.16754,3450000.0477,2700000.0477,2018-05-31T12:52:39.276000Z
907,1.16753,1.1675600000000002,1299999.9523,1690000.0572,2018-05-31T12:52:39.751000Z
908,1.16754,1.16758,1570000.0525,2890000.1049,2018-05-31T12:52:40.262000Z
909,1.16758,1.16761,3299999.9523,3670000.0763,2018-05-31T12:52:40.421000Z
910,1.1675900000000001,1.16763,3069999.9332,2509999.9905,2018-05-31T12:52:40.529000Z
911,1.1675900000000001,1.16763,5320000.1717,2319999.9332,2018-05-31T12:52:41.070000Z
912,1.1676,1.16763,1200000.0477,3000000.0,2018-05-31T12:52:41.608000Z
913,1.1676,1.16763,1200000.0477,1100000.0238,2018-05-31T12:52:42.122000Z
914,1.1676,1.16763,1950000.0477,1000000.0,2018-05-31T12:52:42.762000Z
915,1.1676,1.16763,1929999.9475,1100000.0238,2018-05-31T12:52:43.803000Z
916,1.1676,1.16763,1000000.0,2509999.9905,2018-05-31T12:52:45.555000Z
917,1.1675900000000001,1.16761,6639999.8665,1190000.0572,2018-05-31T12:52:46.019000Z
918,1.1675700000000002,1.1675900000000001,2170000.0763,2809999.9428,2018-05-31T12:52:46.197000Z
919,1.16755,1.1675900000000001,1000000.0,4010000.2289,2018-05-31T12:52:46.728000Z
920,1.16755,1.16758,1500000.0,3299999.9523,2018-05-31T12:52:47.284000Z
921,1.16755,1.16758,2059999.9428,1009999.9905,2018-05-31T12:52:47.800000Z
922,1.1675600000000002,1.1675900000000001,1000000.0,6860000.1335,2018-05-31T12:52:48.474000Z
923,1.16755,1.16758,2150000.0954,1250000.0,2018-05-31T12:52:48.999000Z
924,1.1675600000000002,1.1675700000000002,1000000.0,3000000.0,2018-05-31T12:52:49.520000Z
925,1.16753,1.1675700000000002,3519999.9809,1200000.0477,2018-05-31T12:52:49.573000Z
926,1.16753,1.1675700000000002,1870000.0048,3670000.0763,2018-05-31T12:52:50.395000Z
927,1.16755,1.16758,1870000.0048,4420000.0763,2018-05-31T12:52:50.683000Z
928,1.1675600000000002,1.1675900000000001,1500000.0,3640000.1049,2018-05-31T12:52:50.736000Z
929,1.16755,1.1675900000000001,1950000.0477,2509999.9905,2018-05-31T12:52:51.269000Z
930,1.16755,1.1675900000000001,1950000.0477,2890000.1049,2018-05-31T12:52:51.813000Z
931,1.1675600000000002,1.1675900000000001,1000000.0,2140000.1049,2018-05-31T12:52:52.327000Z
932,1.16755,1.1675900000000001,1950000.0477,5820000.1717,2018-05-31T12:52:54.155000Z
933,1.1675900000000001,1.1676,8619999.8856,2509999.9905,2018-05-31T12:52:54.261000Z
934,1.1676600000000001,1.16768,1000000.0,1659999.9666,2018-05-31T12:52:54.420000Z
935,1.16763,1.1676600000000001,1100000.0238,2440000.0572,2018-05-31T12:52:54.825000Z
936,1.16761,1.1676600000000001,3640000.1049,6909999.8474,2018-05-31T12:52:55.347000Z
937,1.16763,1.1676600000000001,1000000.0,5139999.8665,2018-05-31T12:52:56.542000Z
938,1.16762,1.1676600000000001,3190000.0572,5170000.0763,2018-05-31T12:52:57.144000Z
939,1.16762,1.1676600000000001,3190000.0572,5920000.0763,2018-05-31T12:52:57.716000Z
940,1.16762,1.1676600000000001,3190000.0572,5820000.1717,2018-05-31T12:52:58.306000Z
941,1.16763,1.1676600000000001,1000000.0,11880000.1144,2018-05-31T12:52:58.523000Z
942,1.16763,1.16765,1000000.0,3369999.8856,2018-05-31T12:52:59.118000Z
943,1.16764,1.16765,1000000.0,2250000.0,2018-05-31T12:52:59.943000Z
944,1.1677,1.16771,1000000.0,1100000.0238,2018-05-31T12:53:00.295000Z
945,1.16772,1.16774,2619999.8856,1070000.0525,2018-05-31T12:53:00.398000Z
946,1.16773,1.16775,1000000.0,1690000.0572,2018-05-31T12:53:00.552000Z
947,1.16775,1.1677700000000002,1500000.0,3640000.1049,2018-05-31T12:53:01.196000Z
948,1.1677600000000001,1.16779,1100000.0238,4500000.0,2018-05-31T12:53:01.257000Z
949,1.16778,1.1678,1000000.0,2890000.1049,2018-05-31T12:53:01.317000Z
950,1.16778,1.16781,1570000.0525,2400000.0954,2018-05-31T12:53:01.374000Z
951,1.1677600000000001,1.16779,2140000.1049,1250000.0,2018-05-31T12:53:01.635000Z
952,1.16775,1.16778,3819999.9332,1100000.0238,2018-05-31T12:53:01.689000Z
953,1.1677700000000002,1.16781,1570000.0525,1389999.9857,2018-05-31T12:53:01.847000Z
954,1.16774,1.16775,1950000.0477,11439999.5804,2018-05-31T12:53:02.324000Z
955,1.1676900000000001,1.16772,1389999.9857,3940000.0572,2018-05-31T12:53:02.428000Z
956,1.16768,1.1677,1309999.9428,1000000.0,2018-05-31T12:53:02.481000Z
957,1.1676700000000002,1.16771,6639999.8665,1289999.9619,2018-05-31T12:53:02.994000Z
958,1.1676900000000001,1.16773,3369999.8856,5139999.8665,2018-05-31T12:53:03.205000Z
959,1.16772,1.16775,1500000.0,5289999.9619,2018-05-31T12:53:03.514000Z
960,1.1677,1.16775,5889999.8665,4239999.7711,2018-05-31T12:53:04.036000Z
961,1.1677,1.16775,4389999.8665,4050000.1907,2018-05-31T12:53:04.809000Z
962,1.16772,1.16775,1000000.0,4010000.2289,2018-05-31T12:53:05.040000Z
963,1.1676900000000001,1.16772,4949999.8093,2549999.9523,2018-05-31T12:53:05.406000Z
964,1.1676700000000002,1.16771,3640000.1049,3069999.9332,2018-05-31T12:53:05.562000Z
965,1.1677,1.16772,1000000.0,1200000.0477,2018-05-31T12:53:05.824000Z
966,1.1677,1.16774,5889999.8665,1200000.0477,2018-05-31T12:53:05.876000Z
967,1.16771,1.16775,4570000.1717,4199999.8093,2018-05-31T12:53:06.239000Z
968,1.16771,1.16775,2700000.0477,3450000.0477,2018-05-31T12:53:06.291000Z
969,1.16771,1.16775,2619999.8856,5170000.0763,2018-05-31T12:53:06.822000Z
970,1.1676600000000001,1.16768,3450000.0477,1870000.0048,2018-05-31T12:53:07.139000Z
971,1.16763,1.1676600000000001,1190000.0572,1470000.0286,2018-05-31T12:53:07.193000Z
972,1.1676,1.16763,1570000.0525,2099999.9046,2018-05-31T12:53:07.395000Z
973,1.16758,1.16762,2700000.0477,2660000.0858,2018-05-31T12:53:07.512000Z
974,1.1675900000000001,1.16762,1000000.0,5139999.8665,2018-05-31T12:53:08.043000Z
975,1.1675700000000002,1.1676,2509999.9905,2509999.9905,2018-05-31T12:53:08.353000Z
976,1.1675600000000002,1.16761,9069999.6948,3640000.1049,2018-05-31T12:53:08.927000Z
977,1.1675700000000002,1.16761,1570000.0525,4010000.2289,2018-05-31T12:53:09.462000Z
978,1.1675600000000002,1.1676,6449999.8093,1009999.9905,2018-05-31T12:53:09.880000Z
979,1.16758,1.16761,3750000.0,2880000.1144,2018-05-31T12:53:10.349000Z
980,1.16761,1.16765,3450000.0477,1759999.9905,2018-05-31T12:53:10.682000Z
981,1.16764,1.16768,2440000.0572,1320000.0525,2018-05-31T12:53:10.894000Z
982,1.16765,1.16768,1570000.0525,1309999.9428,2018-05-31T12:53:11.436000Z
983,1.16765,1.16768,1120000.0048,4010000.2289,2018-05-31T12:53:11.969000Z
984,1.16764,1.1676700000000002,1120000.0048,4239999.7711,2018-05-31T12:53:12.284000Z
985,1.16764,1.1676600000000001,1120000.0048,1610000.0143,2018-05-31T12:53:12.834000Z
986,1.16763,1.1676600000000001,2250000.0,1100000.0238,2018-05-31T12:53:13.346000Z
987,1.1676,1.16762,1500000.0,2059999.9428,2018-05-31T12:53:13.686000Z
988,1.1675900000000001,1.16762,1500000.0,1009999.9905,2018-05-31T12:53:14.238000Z
989,1.16758,1.16761,1389999.9857,1309999.9428,2018-05-31T12:53:14.948000Z
990,1.1675600000000002,1.16758,1000000.0,3640000.1049,2018-05-31T12:53:15.194000Z
991,1.1675600000000002,1.1675900000000001,1120000.0048,5139999.8665,2018-05-31T12:53:15.870000Z
992,1.16755,1.1675700000000002,1500000.0,1250000.0,2018-05-31T12:53:15.985000Z
993,1.16755,1.16758,1000000.0,5320000.1717,2018-05-31T12:53:16.565000Z
994,1.16753,1.1675700000000002,4760000.2289,4570000.1717,2018-05-31T12:53:16.771000Z
995,1.16753,1.16755,1500000.0,1250000.0,2018-05-31T12:53:17.301000Z
996,1.16753,1.1675600000000002,1500000.0,3259999.9905,2018-05-31T12:53:18.550000Z
997,1.1675200000000001,1.16755,1570000.0525,1250000.0,2018-05-31T12:53:21.197000Z
998,1.16751,1.16753,1950000.0477,1500000.0,2018-05-31T12:53:21.403000Z
999,1.1675,1.16753,1950000.0477,1690000.0572,2018-05-31T12:53:21.454000Z
1000,1.16749,1.16753,3640000.1049,3819999.9332,2018-05-31T12:53:21.966000Z
1001,1.16749,1.16751,3259999.9905,1000000.0,2018-05-31T12:53:22.509000Z
1002,1.16751,1.16753,2619999.8856,2319999.9332,2018-05-31T12:53:23.527000Z
1003,1.16758,1.1676,1370000.0048,1000000.0,2018-05-31T12:53:23.641000Z
1004,1.1675700000000002,1.1676,1500000.0,1570000.0525,2018-05-31T12:53:24.090000Z
1005,1.16754,1.1675600000000002,8319999.6948,1000000.0,2018-05-31T12:53:24.509000Z
1006,1.1675200000000001,1.16755,3559999.9428,1000000.0,2018-05-31T12:53:24.568000Z
1007,1.16751,1.16755,2890000.1049,1759999.9905,2018-05-31T12:53:25.091000Z
1008,1.1675200000000001,1.16753,1000000.0,1000000.0,2018-05-31T12:53:25.144000Z
1009,1.1675,1.16753,6449999.8093,1000000.0,2018-05-31T12:53:25.964000Z
1010,1.16751,1.16754,1370000.0048,2140000.1049,2018-05-31T12:53:27.819000Z
1011,1.16751,1.16754,1200000.0477,1500000.0,2018-05-31T12:53:28.345000Z
1012,1.16751,1.1675200000000001,1200000.0477,1000000.0,2018-05-31T12:53:28.798000Z
1013,1.1674600000000002,1.16749,4570000.1717,1000000.0,2018-05-31T12:53:29.064000Z
1014,1.16745,1.1674700000000002,3819999.9332,1000000.0,2018-05-31T12:53:29.540000Z
1015,1.1674200000000001,1.16745,3069999.9332,1000000.0,2018-05-31T12:53:29.849000Z
1016,1.1674700000000002,1.16749,1950000.0477,1000000.0,2018-05-31T12:53:30.168000Z
1017,1.1675,1.16753,3450000.0477,1500000.0,2018-05-31T12:53:30.484000Z
1018,1.1675,1.16754,4570000.1717,2319999.9332,2018-05-31T12:53:30.991000Z
1019,1.1675,1.1675200000000001,3450000.0477,3619999.8856,2018-05-31T12:53:31.044000Z
1020,1.16748,1.16751,1120000.0048,3259999.9905,2018-05-31T12:53:31.149000Z
1021,1.1674700000000002,1.16751,2700000.0477,4570000.1717,2018-05-31T12:53:31.671000Z
1022,1.1674600000000002,1.16751,8319999.6948,2509999.9905,2018-05-31T12:53:32.200000Z
1023,1.1674600000000002,1.16749,3069999.9332,1350000.0238,2018-05-31T12:53:33.060000Z
1024,1.16745,1.1675,1100000.0238,4570000.1717,2018-05-31T12:53:33.164000Z
1025,1.16745,1.1675,3819999.9332,3259999.9905,2018-05-31T12:53:33.743000Z
1026,1.1674600000000002,1.1675,3069999.9332,3259999.9905,2018-05-31T12:53:33.954000Z
1027,1.1674600000000002,1.1675,4199999.8093,3640000.1049,2018-05-31T12:53:34.495000Z
1028,1.16748,1.1675,1000000.0,1570000.0525,2018-05-31T12:53:34.968000Z
1029,1.1674700000000002,1.1675200000000001,2140000.1049,5139999.8665,2018-05-31T12:53:35.574000Z
1030,1.1674700000000002,1.16751,4389999.8665,2440000.0572,2018-05-31T12:53:36.117000Z
1031,1.1674700000000002,1.1675,1950000.0477,1000000.0,2018-05-31T12:53:36.623000Z
1032,1.1674700000000002,1.16751,2319999.9332,4199999.8093,2018-05-31T12:53:37.055000Z
1033,1.16751,1.1675600000000002,2700000.0477,4800000.1907,2018-05-31T12:53:37.315000Z
1034,1.16754,1.1675600000000002,1120000.0048,1950000.0477,2018-05-31T12:53:37.413000Z
1035,1.16754,1.16758,2319999.9332,1759999.9905,2018-05-31T12:53:37.465000Z
1036,1.16753,1.1675600000000002,1200000.0477,1000000.0,2018-05-31T12:53:37.724000Z
1037,1.16755,1.1675700000000002,1000000.0,2250000.0,2018-05-31T12:53:38.062000Z
1038,1.1675600000000002,1.1676,3450000.0477,4389999.8665,2018-05-31T12:53:38.620000Z
1039,1.1675600000000002,1.16761,1570000.0525,6639999.8665,2018-05-31T12:53:39.142000Z
1040,1.1675900000000001,1.1676,1000000.0,2140000.1049,2018-05-31T12:53:39.639000Z
1041,1.16754,1.1675700000000002,6190000.0572,1120000.0048,2018-05-31T12:53:39.747000Z
1042,1.16753,1.1675700000000002,4269999.9809,1200000.0477,2018-05-31T12:53:39.863000Z
1043,1.16753,1.1675700000000002,2509999.9905,1950000.0477,2018-05-31T12:53:40.375000Z
1044,1.16754,1.16758,6070000.1717,1100000.0238,2018-05-31T12:53:41.605000Z
1045,1.1675600000000002,1.1676,1100000.0238,8140000.3433,2018-05-31T12:53:42.120000Z
1046,1.16755,1.16758,1950000.0477,1009999.9905,2018-05-31T12:53:42.719000Z
1047,1.16754,1.1675600000000002,2140000.1049,1000000.0,2018-05-31T12:53:42.825000Z
1048,1.16753,1.16755,2319999.9332,1100000.0238,2018-05-31T12:53:42.880000Z
1049,1.1675,1.16754,5250000.0,1100000.0238,2018-05-31T12:53:42.995000Z
1050,1.16753,1.16755,1000000.0,1320000.0525,2018-05-31T12:53:43.100000Z
1051,1.1674700000000002,1.16749,1950000.0477,1000000.0,2018-05-31T12:53:43.416000Z
1052,1.1674200000000001,1.1674600000000002,1200000.0477,1070000.0525,2018-05-31T12:53:43.738000Z
1053,1.16743,1.1674600000000002,1000000.0,3450000.0477,2018-05-31T12:53:44.265000Z
1054,1.16745,1.1674700000000002,1000000.0,1200000.0477,2018-05-31T12:53:44.524000Z
1055,1.1674600000000002,1.16748,1000000.0,1870000.0048,2018-05-31T12:53:45.036000Z
1056,1.1674600000000002,1.1675,1100000.0238,6639999.8665,2018-05-31T12:53:45.397000Z
1057,1.16745,1.16749,1200000.0477,2700000.0477,2018-05-31T12:53:45.912000Z
1058,1.16745,1.16749,2319999.9332,2140000.1049,2018-05-31T12:53:46.496000Z
1059,1.16745,1.16749,1200000.0477,4760000.2289,2018-05-31T12:53:47.288000Z
1060,1.16745,1.16749,1120000.0048,6070000.1717,2018-05-31T12:53:47.834000Z
1061,1.16744,1.16748,3640000.1049,1389999.9857,2018-05-31T12:53:48.349000Z
1062,1.16743,1.1674700000000002,9449999.8093,1250000.0,2018-05-31T12:53:48.868000Z
1063,1.1674600000000002,1.16749,5320000.1717,1000000.0,2018-05-31T12:53:49.134000Z
1064,1.1674600000000002,1.1675,2319999.9332,2319999.9332,2018-05-31T12:53:49.329000Z
1065,1.1675,1.16751,1000000.0,1000000.0,2018-05-31T12:53:49.794000Z
1066,1.16755,1.1675700000000002,2250000.0,1000000.0,2018-05-31T12:53:50.114000Z
1067,1.1675600000000002,1.1676,1200000.0477,1950000.0477,2018-05-31T12:53:50.321000Z
1068,1.1675700000000002,1.1675900000000001,1950000.0477,1000000.0,2018-05-31T12:53:50.833000Z
1069,1.1675600000000002,1.16758,1200000.0477,1120000.0048,2018-05-31T12:53:51.099000Z
1070,1.16758,1.1676,1000000.0,2140000.1049,2018-05-31T12:53:51.152000Z
1071,1.1676,1.16761,1000000.0,1100000.0238,2018-05-31T12:53:51.665000Z
1072,1.16755,1.1675700000000002,2019999.9809,1120000.0048,2018-05-31T12:53:51.887000Z
1073,1.1675700000000002,1.1676,1000000.0,1389999.9857,2018-05-31T12:53:52.198000Z
1074,1.1675700000000002,1.1676,1570000.0525,2809999.9428,2018-05-31T12:53:52.249000Z
1075,1.1676,1.16763,1000000.0,5139999.8665,2018-05-31T12:53:52.749000Z
1076,1.1675600000000002,1.1675900000000001,2250000.0,4949999.8093,2018-05-31T12:53:52.905000Z
1077,1.1675700000000002,1.1675900000000001,1070000.0525,1000000.0,2018-05-31T12:53:53.205000Z
1078,1.1675700000000002,1.16761,3640000.1049,1690000.0572,2018-05-31T12:53:53.416000Z
1079,1.1675700000000002,1.1676,1950000.0477,1190000.0572,2018-05-31T12:53:53.469000Z
1080,1.16758,1.16761,1120000.0048,1200000.0477,2018-05-31T12:53:53.624000Z
1081,1.16758,1.16761,1000000.0,8319999.6948,2018-05-31T12:53:54.132000Z
1082,1.1675600000000002,1.16761,4199999.8093,7199999.8093,2018-05-31T12:53:54.672000Z
1083,1.1675900000000001,1.16763,1500000.0,2509999.9905,2018-05-31T12:53:54.794000Z
1084,1.1675600000000002,1.1675900000000001,2700000.0477,3000000.0,2018-05-31T12:53:55.054000Z
1085,1.1675600000000002,1.16761,1570000.0525,10949999.8093,2018-05-31T12:53:55.259000Z
1086,1.1675700000000002,1.1676,1570000.0525,1759999.9905,2018-05-31T12:53:55.782000Z
1087,1.1675700000000002,1.1676,3069999.9332,1009999.9905,2018-05-31T12:53:56.548000Z
1088,1.16754,1.16758,6260000.2289,1000000.0,2018-05-31T12:53:56.655000Z
1089,1.16755,1.1675700000000002,1120000.0048,1000000.0,2018-05-31T12:53:57.248000Z
1090,1.16754,1.1675700000000002,1950000.0477,1500000.0,2018-05-31T12:53:57.770000Z
1091,1.16754,1.16758,1200000.0477,1100000.0238,2018-05-31T12:53:58.627000Z
1092,1.1675700000000002,1.1676,1000000.0,1289999.9619,2018-05-31T12:53:58.941000Z
1093,1.16755,1.16758,1000000.0,1100000.0238,2018-05-31T12:53:59.232000Z
1094,1.16754,1.1675700000000002,1200000.0477,1309999.9428,2018-05-31T12:53:59.765000Z
1095,1.16753,1.1675600000000002,1570000.0525,1320000.0525,2018-05-31T12:54:00.105000Z
1096,1.1675200000000001,1.16755,1100000.0238,1250000.0,2018-05-31T12:54:00.258000Z
1097,1.16751,1.1675200000000001,1570000.0525,1000000.0,2018-05-31T12:54:00.418000Z
1098,1.16749,1.16753,1200000.0477,4570000.1717,2018-05-31T12:54:00.625000Z
1099,1.16748,1.1675200000000001,4010000.2289,2700000.0477,2018-05-31T12:54:01.171000Z
1100,1.16748,1.16751,2319999.9332,1370000.0048,2018-05-31T12:54:01.710000Z
1101,1.1674600000000002,1.1675,4199999.8093,1500000.0,2018-05-31T12:54:02.223000Z
1102,1.1675,1.16754,3750000.0,2890000.1049,2018-05-31T12:54:02.600000Z
1103,1.1675200000000001,1.1675600000000002,1100000.0238,3069999.9332,2018-05-31T12:54:02.704000Z
1104,1.16753,1.1675700000000002,1950000.0477,3259999.9905,2018-05-31T12:54:02.808000Z
1105,1.16755,1.1675900000000001,2319999.9332,3640000.1049,2018-05-31T12:54:03.043000Z
1106,1.1675600000000002,1.1675900000000001,1570000.0525,2619999.8856,2018-05-31T12:54:03.558000Z
1107,1.16755,1.16758,1000000.0,1009999.9905,2018-05-31T12:54:03.756000Z
1108,1.16755,1.16758,3069999.9332,1000000.0,2018-05-31T12:54:03.966000Z
1109,1.1675600000000002,1.1675900000000001,1500000.0,1759999.9905,2018-05-31T12:54:04.495000Z
1110,1.1675600000000002,1.16758,1500000.0,1000000.0,2018-05-31T12:54:05.110000Z
1111,1.1675600000000002,1.1675900000000001,1500000.0,1950000.0477,2018-05-31T12:54:05.612000Z
1112,1.1675600000000002,1.16758,1000000.0,1509999.9905,2018-05-31T12:54:05.668000Z
1113,1.16754,1.16758,2700000.0477,1389999.9857,2018-05-31T12:54:05.977000Z
1114,1.16754,1.16758,3259999.9905,1100000.0238,2018-05-31T12:54:06.503000Z
1115,1.16754,1.1675600000000002,1500000.0,1000000.0,2018-05-31T12:54:06.940000Z
1116,1.16753,1.16755,1120000.0048,1000000.0,2018-05-31T12:54:07.453000Z
1117,1.1675200000000001,1.16755,1950000.0477,1200000.0477,2018-05-31T12:54:09.122000Z
1118,1.16751,1.16753,1000000.0,1690000.0572,2018-05-31T12:54:09.442000Z
1119,1.1675,1.16754,1200000.0477,3259999.9905,2018-05-31T12:54:09.587000Z
1120,1.16751,1.16754,1000000.0,3259999.9905,2018-05-31T12:54:10.057000Z
1121,1.1674700000000002,1.16751,1100000.0238,6190000.0572,2018-05-31T12:54:10.388000Z
1122,1.1674700000000002,1.1675,1000000.0,1500000.0,2018-05-31T12:54:10.959000Z
1123,1.1674600000000002,1.1675,1570000.0525,1759999.9905,2018-05-31T12:54:11.484000Z
1124,1.1675,1.1675200000000001,2250000.0,4949999.8093,2018-05-31T12:54:11.737000Z
1125,1.1675200000000001,1.16755,1000000.0,1100000.0238,2018-05-31T12:54:11.842000Z
1126,1.1675600000000002,1.1675900000000001,1500000.0,1759999.9905,2018-05-31T12:54:12.040000Z
1127,1.1675600000000002,1.1675900000000001,2700000.0477,1100000.0238,2018-05-31T12:54:12.554000Z
1128,1.1676,1.16762,2250000.0,1500000.0,2018-05-31T12:54:13.044000Z
1129,1.1675700000000002,1.1675900000000001,3369999.8856,1000000.0,2018-05-31T12:54:13.303000Z
1130,1.16758,1.16761,2619999.8856,1000000.0,2018-05-31T12:54:13.438000Z
1131,1.16761,1.16763,1000000.0,2319999.9332,2018-05-31T12:54:13.952000Z
1132,1.16763,1.1676600000000001,1000000.0,2700000.0477,2018-05-31T12:54:14.252000Z
1133,1.1676600000000001,1.1676700000000002,1000000.0,2890000.1049,2018-05-31T12:54:14.623000Z
1134,1.16764,1.16768,2700000.0477,1389999.9857,2018-05-31T12:54:15.341000Z
1135,1.16761,1.16763,4570000.1717,1500000.0,2018-05-31T12:54:15.866000Z
1136,1.16758,1.16762,3069999.9332,1100000.0238,2018-05-31T12:54:15.970000Z
1137,1.16761,1.16763,5309999.9428,1759999.9905,2018-05-31T12:54:16.022000Z
1138,1.16763,1.16765,1200000.0477,1000000.0,2018-05-31T12:54:16.177000Z
1139,1.1676,1.16762,3450000.0477,1500000.0,2018-05-31T12:54:16.386000Z
1140,1.16758,1.1676,2319999.9332,1190000.0572,2018-05-31T12:54:16.490000Z
1141,1.16755,1.16758,2700000.0477,2619999.8856,2018-05-31T12:54:16.647000Z
1142,1.1675200000000001,1.1675700000000002,3819999.9332,1950000.0477,2018-05-31T12:54:16.930000Z
1143,1.1675200000000001,1.1675600000000002,1570000.0525,2250000.0,2018-05-31T12:54:17.085000Z
1144,1.16751,1.16755,4119999.8856,1690000.0572,2018-05-31T12:54:17.189000Z
1145,1.16751,1.16755,4570000.1717,1440000.0572,2018-05-31T12:54:17.241000Z
1146,1.16751,1.1675600000000002,3069999.9332,4719999.7902,2018-05-31T12:54:17.685000Z
1147,1.1675200000000001,1.16755,1450000.0477,1000000.0,2018-05-31T12:54:17.841000Z
1148,1.16751,1.16755,6070000.1717,1000000.0,2018-05-31T12:54:18.622000Z
1149,1.16751,1.16755,5699999.8093,2809999.9428,2018-05-31T12:54:19.142000Z
1150,1.16751,1.16755,5699999.8093,1100000.0238,2018-05-31T12:54:19.743000Z
1151,1.16751,1.16755,5320000.1717,1000000.0,2018-05-31T12:54:20.266000Z
1152,1.16753,1.16755,1070000.0525,1000000.0,2018-05-31T12:54:20.612000Z
1153,1.1675200000000001,1.16755,3450000.0477,1000000.0,2018-05-31T12:54:21.121000Z
1154,1.16753,1.16754,1100000.0238,1500000.0,2018-05-31T12:54:21.673000Z
1155,1.16751,1.16754,1450000.0477,2509999.9905,2018-05-31T12:54:21.830000Z
1156,1.1675,1.1675200000000001,2319999.9332,3750000.0,2018-05-31T12:54:21.934000Z
1157,1.16749,1.16751,2890000.1049,1100000.0238,2018-05-31T12:54:21.987000Z
1158,1.1675,1.16753,1309999.9428,1570000.0525,2018-05-31T12:54:22.223000Z
1159,1.16749,1.16751,3900000.0954,1000000.0,2018-05-31T12:54:22.537000Z
1160,1.16748,1.1675200000000001,7199999.8093,1419999.9571,2018-05-31T12:54:23.649000Z
1161,1.1675,1.16753,1389999.9857,2440000.0572,2018-05-31T12:54:24.200000Z
1162,1.1675,1.16753,1470000.0286,3190000.0572,2018-05-31T12:54:25.003000Z
1163,1.16751,1.16754,1570000.0525,1000000.0,2018-05-31T12:54:26.142000Z
1164,1.1675,1.16754,4010000.2289,1190000.0572,2018-05-31T12:54:26.673000Z
1165,1.1675,1.1675200000000001,3069999.9332,1000000.0,2018-05-31T12:54:27.590000Z
1166,1.16749,1.1675200000000001,1070000.0525,5320000.1717,2018-05-31T12:54:28.136000Z
1167,1.16749,1.16754,7199999.8093,3259999.9905,2018-05-31T12:54:28.350000Z
1168,1.16751,1.16754,1570000.0525,1000000.0,2018-05-31T12:54:28.870000Z
1169,1.1675,1.16753,5889999.8665,1000000.0,2018-05-31T12:54:29.678000Z
1170,1.1675,1.1675200000000001,3259999.9905,1000000.0,2018-05-31T12:54:29.782000Z
1171,1.16749,1.16753,2140000.1049,3819999.9332,2018-05-31T12:54:30.166000Z
1172,1.16749,1.16753,1470000.0286,2700000.0477,2018-05-31T12:54:30.320000Z
1173,1.16749,1.16753,2140000.1049,1950000.0477,2018-05-31T12:54:30.372000Z
1174,1.1675,1.1675200000000001,1950000.0477,1100000.0238,2018-05-31T12:54:30.943000Z
1175,1.16749,1.16751,4389999.8665,1000000.0,2018-05-31T12:54:31.468000Z
1176,1.1675,1.1675200000000001,2319999.9332,1000000.0,2018-05-31T12:54:32.163000Z
1177,1.1675,1.16753,2319999.9332,1000000.0,2018-05-31T12:54:32.276000Z
1178,1.1675,1.1675200000000001,1950000.0477,3940000.0572,2018-05-31T12:54:32.792000Z
1179,1.16748,1.1675,3150000.0954,1250000.0,2018-05-31T12:54:32.846000Z
1180,1.1674700000000002,1.16749,1070000.0525,1500000.0,2018-05-31T12:54:32.955000Z
1181,1.1674700000000002,1.16749,1950000.0477,1500000.0,2018-05-31T12:54:33.828000Z
1182,1.1674700000000002,1.16749,2319999.9332,1000000.0,2018-05-31T12:54:34.712000Z
1183,1.16745,1.1674700000000002,1450000.0477,1870000.0048,2018-05-31T12:54:35.125000Z
1184,1.16744,1.1674600000000002,1570000.0525,1100000.0238,2018-05-31T12:54:35.335000Z
1185,1.16744,1.1674700000000002,2319999.9332,3369999.8856,2018-05-31T12:54:36.672000Z
1186,1.1674600000000002,1.16748,1389999.9857,1000000.0,2018-05-31T12:54:36.802000Z
1187,1.16745,1.16748,1570000.0525,1000000.0,2018-05-31T12:54:38.690000Z
1188,1.16745,1.1674600000000002,1570000.0525,1000000.0,2018-05-31T12:54:39.002000Z
1189,1.16743,1.1674600000000002,2700000.0477,1000000.0,2018-05-31T12:54:39.317000Z
1190,1.16743,1.1674600000000002,2319999.9332,1570000.0525,2018-05-31T12:54:39.823000Z
1191,1.16743,1.1674600000000002,1950000.0477,2319999.9332,2018-05-31T12:54:40.181000Z
1192,1.1674,1.16743,3450000.0477,2509999.9905,2018-05-31T12:54:40.516000Z
1193,1.16739,1.16741,4570000.1717,1000000.0,2018-05-31T12:54:40.832000Z
1194,1.1674,1.16743,3069999.9332,5289999.9619,2018-05-31T12:54:40.891000Z
1195,1.1674,1.16743,4760000.2289,1690000.0572,2018-05-31T12:54:41.045000Z
1196,1.1674,1.1674200000000001,4989999.7711,1000000.0,2018-05-31T12:54:41.453000Z
1197,1.1674,1.16743,4010000.2289,1250000.0,2018-05-31T12:54:41.715000Z
1198,1.1674,1.16745,5139999.8665,3640000.1049,2018-05-31T12:54:42.257000Z
1199,1.16741,1.16744,2509999.9905,1200000.0477,2018-05-31T12:54:42.775000Z
1200,1.16741,1.16745,4570000.1717,4869999.8856,2018-05-31T12:54:43.981000Z
1201,1.16744,1.16745,1500000.0,2700000.0477,2018-05-31T12:54:44.286000Z
1202,1.1674700000000002,1.16749,1070000.0525,1000000.0,2018-05-31T12:54:44.602000Z
1203,1.1674700000000002,1.1675,1100000.0238,2250000.0,2018-05-31T12:54:44.809000Z
1204,1.16751,1.16753,1309999.9428,1000000.0,2018-05-31T12:54:45.040000Z
1205,1.1675200000000001,1.16754,1320000.0525,1000000.0,2018-05-31T12:54:45.349000Z
1206,1.1675200000000001,1.16754,1009999.9905,1000000.0,2018-05-31T12:54:45.898000Z
1207,1.1675,1.1675200000000001,4760000.2289,1000000.0,2018-05-31T12:54:46.352000Z
1208,1.16751,1.16753,1100000.0238,1120000.0048,2018-05-31T12:54:46.405000Z
1209,1.16751,1.16755,1200000.0477,5699999.8093,2018-05-31T12:54:46.913000Z
1210,1.16751,1.16755,1009999.9905,6449999.8093,2018-05-31T12:54:47.459000Z
1211,1.1675,1.1675200000000001,1570000.0525,1000000.0,2018-05-31T12:54:47.829000Z
1212,1.1675,1.16753,1000000.0,2140000.1049,2018-05-31T12:54:48.588000Z
1213,1.1675,1.16754,1389999.9857,3450000.0477,2018-05-31T12:54:49.139000Z
1214,1.16751,1.16755,2700000.0477,3450000.0477,2018-05-31T12:54:49.787000Z
1215,1.16751,1.16755,2319999.9332,1950000.0477,2018-05-31T12:54:50.293000Z
1216,1.16754,1.1675600000000002,1000000.0,1100000.0238,2018-05-31T12:54:50.735000Z
1217,1.16755,1.16758,1100000.0238,3069999.9332,2018-05-31T12:54:50.890000Z
1218,1.1675600000000002,1.1675900000000001,1100000.0238,1000000.0,2018-05-31T12:54:51.327000Z
1219,1.1675600000000002,1.16758,1570000.0525,1000000.0,2018-05-31T12:54:51.867000Z
1220,1.1675600000000002,1.16758,2140000.1049,1000000.0,2018-05-31T12:54:52.920000Z
1221,1.1675600000000002,1.16758,1389999.9857,1000000.0,2018-05-31T12:54:53.565000Z
1222,1.16753,1.16755,2700000.0477,1000000.0,2018-05-31T12:54:54.037000Z
1223,1.16751,1.16755,2319999.9332,10390000.3433,2018-05-31T12:54:54.340000Z
1224,1.1675200000000001,1.16755,1200000.0477,3000000.0,2018-05-31T12:54:54.862000Z
1225,1.16751,1.16755,3259999.9905,5059999.9428,2018-05-31T12:54:55.376000Z
1226,1.16751,1.16754,1200000.0477,1000000.0,2018-05-31T12:54:56.029000Z
1227,1.16751,1.16753,2140000.1049,1000000.0,2018-05-31T12:54:56.546000Z
1228,1.16751,1.16753,2319999.9332,1120000.0048,2018-05-31T12:54:57.083000Z
1229,1.16751,1.16753,1950000.0477,1120000.0048,2018-05-31T12:54:57.593000Z
1230,1.1675200000000001,1.16753,1120000.0048,1000000.0,2018-05-31T12:54:58.129000Z
1231,1.16753,1.16754,1000000.0,1120000.0048,2018-05-31T12:54:59.252000Z
1232,1.1675200000000001,1.16755,2319999.9332,2019999.9809,2018-05-31T12:54:59.356000Z
1233,1.1675,1.16751,1200000.0477,1000000.0,2018-05-31T12:54:59.564000Z
1234,1.1674700000000002,1.1675,2319999.9332,2059999.9428,2018-05-31T12:54:59.668000Z
1235,1.1674200000000001,1.1674700000000002,4119999.8856,2250000.0,2018-05-31T12:54:59.807000Z
1236,1.1674200000000001,1.16745,1200000.0477,1120000.0048,2018-05-31T12:55:00.476000Z
1237,1.1674200000000001,1.1674600000000002,1570000.0525,1649999.9762,2018-05-31T12:55:01.622000Z
1238,1.1673600000000002,1.16737,4010000.2289,3940000.0572,2018-05-31T12:55:01.939000Z
1239,1.16734,1.16735,7780000.2098,2250000.0,2018-05-31T12:55:01.994000Z
1240,1.1672600000000002,1.1673,1500000.0,6639999.8665,2018-05-31T12:55:02.237000Z
1241,1.16727,1.1672799999999999,1000000.0,1500000.0,2018-05-31T12:55:02.288000Z
1242,1.16724,1.1672600000000002,3640000.1049,1250000.0,2018-05-31T12:55:02.344000Z
1243,1.1672600000000002,1.1672799999999999,1500000.0,2250000.0,2018-05-31T12:55:02.397000Z
1244,1.16729,1.1673,1000000.0,1200000.0477,2018-05-31T12:55:02.750000Z
1245,1.1672799999999999,1.16731,2700000.0477,1000000.0,2018-05-31T12:55:02.903000Z
1246,1.1673,1.16731,1000000.0,1000000.0,2018-05-31T12:55:03.006000Z
1247,1.1673,1.16733,1000000.0,4010000.2289,2018-05-31T12:55:03.109000Z
1248,1.1673,1.16734,1750000.0,2890000.1049,2018-05-31T12:55:03.614000Z
1249,1.16729,1.1673200000000001,3450000.0477,1250000.0,2018-05-31T12:55:03.771000Z
1250,1.1672600000000002,1.1672799999999999,1500000.0,5059999.9428,2018-05-31T12:55:04.098000Z
1251,1.16724,1.1672799999999999,4949999.8093,5889999.8665,2018-05-31T12:55:04.152000Z
1252,1.16724,1.1672799999999999,2319999.9332,1009999.9905,2018-05-31T12:55:04.682000Z
1253,1.1672500000000001,1.16729,1100000.0238,8319999.6948,2018-05-31T12:55:05.183000Z
1254,1.16724,1.16727,1759999.9905,1950000.0477,2018-05-31T12:55:05.731000Z
1255,1.16724,1.1672799999999999,4010000.2289,2319999.9332,2018-05-31T12:55:05.835000Z
1256,1.1672500000000001,1.16729,1200000.0477,5510000.2289,2018-05-31T12:55:06.143000Z
1257,1.1672500000000001,1.16727,1120000.0048,1950000.0477,2018-05-31T12:55:06.491000Z
1258,1.1672500000000001,1.16729,1120000.0048,9000000.0,2018-05-31T12:55:06.542000Z
1259,1.16723,1.1672500000000001,3819999.9332,1500000.0,2018-05-31T12:55:07.060000Z
1260,1.1672,1.16723,2809999.9428,4570000.1717,2018-05-31T12:55:07.196000Z
1261,1.1672200000000001,1.16723,1000000.0,1100000.0238,2018-05-31T12:55:07.247000Z
1262,1.1672200000000001,1.16724,1950000.0477,2890000.1049,2018-05-31T12:55:07.759000Z
1263,1.1672200000000001,1.16724,1500000.0,1950000.0477,2018-05-31T12:55:08.471000Z
1264,1.1672200000000001,1.16724,1950000.0477,1100000.0238,2018-05-31T12:55:09.014000Z
1265,1.16727,1.16731,1570000.0525,6190000.0572,2018-05-31T12:55:09.066000Z
1266,1.1673,1.16731,1000000.0,1690000.0572,2018-05-31T12:55:09.118000Z
1267,1.1673,1.16733,1570000.0525,1250000.0,2018-05-31T12:55:09.170000Z
1268,1.1673,1.1673200000000001,1100000.0238,5889999.8665,2018-05-31T12:55:09.325000Z
1269,1.16733,1.16735,1000000.0,3450000.0477,2018-05-31T12:55:09.673000Z
1270,1.1673,1.16733,4010000.2289,1870000.0048,2018-05-31T12:55:09.882000Z
1271,1.16731,1.16733,1000000.0,1100000.0238,2018-05-31T12:55:10.038000Z
