,bid,ask,bid_vol,ask_vol,time
0,1.12254,1.12256,1309999.9428,1000000.0,2019-04-30T12:45:00.089000Z
1,1.1225200000000002,1.1225500000000002,2700000.0477,1000000.0,2019-04-30T12:45:00.530000Z
2,1.1225100000000001,1.12253,1409999.9666,1000000.0,2019-04-30T12:45:01.173000Z
3,1.1225100000000001,1.12253,2809999.9428,1000000.0,2019-04-30T12:45:01.276000Z
4,1.1225,1.1225100000000001,3369999.8856,3750000.0,2019-04-30T12:45:03.954000Z
5,1.1224200000000002,1.12244,1000000.0,1120000.0048,2019-04-30T12:45:04.057000Z
6,1.1224100000000001,1.12244,1309999.9428,1500000.0,2019-04-30T12:45:04.160000Z
7,1.1224100000000001,1.12244,2059999.9428,1500000.0,2019-04-30T12:45:04.513000Z
8,1.12239,1.12243,1720000.0286,2250000.0,2019-04-30T12:45:05.184000Z
9,1.1224,1.1224200000000002,1000000.0,1570000.0525,2019-04-30T12:45:05.295000Z
10,1.1224,1.12244,6119999.8856,3640000.1049,2019-04-30T12:45:05.346000Z
11,1.1224200000000002,1.12245,1240000.0095,6000000.0,2019-04-30T12:45:05.448000Z
12,1.12244,1.12246,1000000.0,3450000.0477,2019-04-30T12:45:05.500000Z
13,1.12245,1.12247,1049999.9523,1000000.0,2019-04-30T12:45:05.602000Z
14,1.12245,1.12248,3000000.0,1870000.0048,2019-04-30T12:45:05.704000Z
15,1.12245,1.12248,1049999.9523,2500000.0,2019-04-30T12:45:05.857000Z
16,1.12244,1.12248,1519999.9809,3940000.0572,2019-04-30T12:45:05.909000Z
17,1.12246,1.12248,1500000.0,1000000.0,2019-04-30T12:45:06.061000Z
18,1.12246,1.12249,1500000.0,8810000.4196,2019-04-30T12:45:06.164000Z
19,1.12245,1.1225,6969999.7902,4750000.0,2019-04-30T12:45:08.302000Z
20,1.12246,1.1225,3309999.9428,3369999.8856,2019-04-30T12:45:09.421000Z
21,1.12248,1.1225100000000001,5369999.8856,1690000.0572,2019-04-30T12:45:09.524000Z
22,1.12247,1.1225100000000001,8109999.6567,1500000.0,2019-04-30T12:45:09.768000Z
23,1.1225,1.1225200000000002,1690000.0572,1000000.0,2019-04-30T12:45:09.870000Z
24,1.12247,1.1225200000000002,5619999.8856,3490000.0095,2019-04-30T12:45:09.973000Z
25,1.12248,1.1225100000000001,1309999.9428,1980000.0191,2019-04-30T12:45:10.075000Z
26,1.12247,1.1225100000000001,1000000.0,2750000.0,2019-04-30T12:45:10.279000Z
27,1.12248,1.1225100000000001,1620000.0048,1500000.0,2019-04-30T12:45:10.635000Z
28,1.12248,1.1225100000000001,2369999.8856,1000000.0,2019-04-30T12:45:10.936000Z
29,1.12248,1.1225100000000001,1120000.0048,1000000.0,2019-04-30T12:45:11.190000Z
30,1.12248,1.1225100000000001,1620000.0048,1000000.0,2019-04-30T12:45:11.292000Z
31,1.12248,1.1225100000000001,1000000.0,1000000.0,2019-04-30T12:45:11.634000Z
32,1.12246,1.1225100000000001,6309999.9428,1500000.0,2019-04-30T12:45:11.766000Z
33,1.12247,1.1225,1500000.0,1000000.0,2019-04-30T12:45:11.919000Z
34,1.12246,1.12248,10060000.4196,1000000.0,2019-04-30T12:45:12.122000Z
35,1.12246,1.12247,1500000.0,1250000.0,2019-04-30T12:45:12.225000Z
36,1.12243,1.12246,3019999.9809,1120000.0048,2019-04-30T12:45:12.388000Z
37,1.12243,1.12246,3369999.8856,1500000.0,2019-04-30T12:45:12.439000Z
38,1.12244,1.12246,1000000.0,2000000.0,2019-04-30T12:45:12.542000Z
39,1.12243,1.12246,1870000.0048,1500000.0,2019-04-30T12:45:12.644000Z
40,1.12244,1.12246,1000000.0,2000000.0,2019-04-30T12:45:13.774000Z
41,1.1224200000000002,1.12244,1240000.0095,1000000.0,2019-04-30T12:45:13.899000Z
42,1.1224100000000001,1.12246,3119999.8856,3369999.8856,2019-04-30T12:45:14.008000Z
43,1.12243,1.12246,1500000.0,1750000.0,2019-04-30T12:45:14.710000Z
44,1.12244,1.12246,1000000.0,1500000.0,2019-04-30T12:45:14.815000Z
45,1.12244,1.12248,3559999.9428,2000000.0,2019-04-30T12:45:14.868000Z
46,1.12245,1.12249,3000000.0,6260000.2289,2019-04-30T12:45:14.971000Z
47,1.12245,1.12247,4500000.0,1500000.0,2019-04-30T12:45:15.289000Z
48,1.12243,1.12244,4500000.0,1000000.0,2019-04-30T12:45:15.416000Z
49,1.1224100000000001,1.12244,2000000.0,1500000.0,2019-04-30T12:45:15.519000Z
50,1.1224100000000001,1.12244,3190000.0572,1500000.0,2019-04-30T12:45:16.205000Z
51,1.1224100000000001,1.12245,8369999.8856,5190000.0572,2019-04-30T12:45:18.966000Z
52,1.1224100000000001,1.12245,6369999.8856,2940000.0572,2019-04-30T12:45:19.303000Z
53,1.1224200000000002,1.12244,1000000.0,1120000.0048,2019-04-30T12:45:20.252000Z
54,1.1224100000000001,1.12245,2619999.8856,2940000.0572,2019-04-30T12:45:21.206000Z
55,1.1224200000000002,1.12245,1000000.0,3690000.0572,2019-04-30T12:45:21.412000Z
56,1.1224100000000001,1.12245,5619999.8856,3690000.0572,2019-04-30T12:45:21.521000Z
57,1.12244,1.12245,1870000.0048,1000000.0,2019-04-30T12:45:21.670000Z
58,1.12244,1.12246,1120000.0048,1000000.0,2019-04-30T12:45:21.773000Z
59,1.12243,1.12246,5889999.8665,1000000.0,2019-04-30T12:45:21.926000Z
60,1.12244,1.12247,1000000.0,3000000.0,2019-04-30T12:45:22.029000Z
61,1.12244,1.12247,1399999.9762,1500000.0,2019-04-30T12:45:22.139000Z
62,1.12246,1.12247,1500000.0,1120000.0048,2019-04-30T12:45:22.522000Z
63,1.12246,1.12249,1120000.0048,3750000.0,2019-04-30T12:45:22.625000Z
64,1.12246,1.12248,1120000.0048,1000000.0,2019-04-30T12:45:22.973000Z
65,1.12246,1.12249,1870000.0048,1000000.0,2019-04-30T12:45:23.453000Z
66,1.12246,1.12248,4869999.8856,1000000.0,2019-04-30T12:45:23.609000Z
67,1.12245,1.12246,3369999.8856,2809999.9428,2019-04-30T12:45:23.813000Z
68,1.1224200000000002,1.12245,5099999.9046,1500000.0,2019-04-30T12:45:23.865000Z
69,1.1224100000000001,1.12245,3599999.9046,1000000.0,2019-04-30T12:45:23.970000Z
70,1.1224200000000002,1.12244,1870000.0048,1000000.0,2019-04-30T12:45:24.376000Z
71,1.1224200000000002,1.12245,1870000.0048,1500000.0,2019-04-30T12:45:24.505000Z
72,1.1224200000000002,1.12244,1120000.0048,2440000.0572,2019-04-30T12:45:24.607000Z
73,1.1224,1.12243,8449999.8093,1500000.0,2019-04-30T12:45:24.710000Z
74,1.1224,1.12244,5059999.9428,4059999.9428,2019-04-30T12:45:25.648000Z
75,1.1224100000000001,1.12244,3000000.0,4619999.8856,2019-04-30T12:45:26.381000Z
76,1.1224,1.12244,6750000.0,4619999.8856,2019-04-30T12:45:26.483000Z
77,1.1224,1.12244,6500000.0,5750000.0,2019-04-30T12:45:26.846000Z
78,1.1224200000000002,1.12244,1870000.0048,4869999.8856,2019-04-30T12:45:26.999000Z
79,1.1224100000000001,1.12243,1120000.0048,5869999.8856,2019-04-30T12:45:27.051000Z
80,1.1224,1.12244,6000000.0,3099999.9046,2019-04-30T12:45:27.103000Z
81,1.1224200000000002,1.12245,1500000.0,2509999.9905,2019-04-30T12:45:27.205000Z
82,1.1224200000000002,1.12245,2750000.0,1120000.0048,2019-04-30T12:45:28.332000Z
83,1.12244,1.12246,1070000.0525,1620000.0048,2019-04-30T12:45:31.207000Z
84,1.12245,1.12248,2440000.0572,2369999.8856,2019-04-30T12:45:31.310000Z
85,1.12245,1.12249,1870000.0048,3369999.8856,2019-04-30T12:45:31.361000Z
86,1.12246,1.12249,3000000.0,1870000.0048,2019-04-30T12:45:32.712000Z
87,1.12245,1.12249,4500000.0,1870000.0048,2019-04-30T12:45:32.814000Z
88,1.12246,1.12249,1000000.0,1870000.0048,2019-04-30T12:45:32.967000Z
89,1.12246,1.12248,1000000.0,2220000.0286,2019-04-30T12:45:33.140000Z
90,1.12244,1.12247,4869999.8856,3369999.8856,2019-04-30T12:45:33.192000Z
91,1.12243,1.12246,3690000.0572,1000000.0,2019-04-30T12:45:33.599000Z
92,1.12243,1.12246,3559999.9428,1000000.0,2019-04-30T12:45:34.125000Z
93,1.12246,1.12247,1000000.0,1000000.0,2019-04-30T12:45:34.177000Z
94,1.12246,1.12248,1000000.0,1000000.0,2019-04-30T12:45:34.279000Z
95,1.12245,1.12249,8250000.0,1120000.0048,2019-04-30T12:45:34.381000Z
96,1.12246,1.12249,1000000.0,1870000.0048,2019-04-30T12:45:34.706000Z
97,1.12247,1.12249,1000000.0,1120000.0048,2019-04-30T12:45:36.445000Z
98,1.12246,1.12249,1870000.0048,1120000.0048,2019-04-30T12:45:39.583000Z
99,1.12247,1.12249,1000000.0,1870000.0048,2019-04-30T12:45:39.685000Z
100,1.12246,1.12249,4119999.8856,1870000.0048,2019-04-30T12:45:39.788000Z
101,1.12248,1.12249,1500000.0,1870000.0048,2019-04-30T12:45:40.183000Z
102,1.12248,1.1225,1000000.0,6190000.0572,2019-04-30T12:45:40.488000Z
103,1.12248,1.1225,1000000.0,1500000.0,2019-04-30T12:45:40.641000Z
104,1.1225100000000001,1.1225200000000002,1000000.0,1000000.0,2019-04-30T12:45:40.809000Z
105,1.1225100000000001,1.12253,1000000.0,3369999.8856,2019-04-30T12:45:40.911000Z
106,1.1225100000000001,1.1225200000000002,1500000.0,1000000.0,2019-04-30T12:45:41.013000Z
107,1.1225100000000001,1.12253,1690000.0572,1870000.0048,2019-04-30T12:45:41.219000Z
108,1.1225200000000002,1.12254,1500000.0,2750000.0,2019-04-30T12:45:41.337000Z
109,1.12256,1.12257,1870000.0048,1000000.0,2019-04-30T12:45:41.439000Z
110,1.12257,1.12259,1000000.0,2700000.0477,2019-04-30T12:45:41.542000Z
111,1.12257,1.12258,1500000.0,1000000.0,2019-04-30T12:45:41.644000Z
112,1.12257,1.1226,1500000.0,2440000.0572,2019-04-30T12:45:41.695000Z
113,1.12257,1.1226,1000000.0,4039999.9619,2019-04-30T12:45:41.862000Z
114,1.12257,1.1226,1000000.0,3940000.0572,2019-04-30T12:45:41.965000Z
115,1.12257,1.12259,1000000.0,1500000.0,2019-04-30T12:45:42.507000Z
116,1.1225500000000002,1.12257,3559999.9428,1000000.0,2019-04-30T12:45:42.559000Z
117,1.12256,1.12257,1000000.0,1000000.0,2019-04-30T12:45:42.866000Z
118,1.1225500000000002,1.12257,1000000.0,1500000.0,2019-04-30T12:45:43.220000Z
119,1.12254,1.12257,1500000.0,1759999.9905,2019-04-30T12:45:43.323000Z
120,1.1225500000000002,1.12258,1500000.0,1389999.9857,2019-04-30T12:45:43.476000Z
121,1.1225500000000002,1.12257,1000000.0,1000000.0,2019-04-30T12:45:44.184000Z
122,1.12254,1.12257,4500000.0,1000000.0,2019-04-30T12:45:44.286000Z
123,1.12253,1.1225500000000002,1000000.0,1000000.0,2019-04-30T12:45:44.995000Z
124,1.1225100000000001,1.12253,1000000.0,2250000.0,2019-04-30T12:45:45.097000Z
125,1.1225,1.12253,3000000.0,1000000.0,2019-04-30T12:45:45.199000Z
126,1.1225100000000001,1.12253,2250000.0,1000000.0,2019-04-30T12:45:45.301000Z
127,1.1225,1.12253,3190000.0572,1000000.0,2019-04-30T12:45:45.437000Z
128,1.12249,1.1225100000000001,1000000.0,1000000.0,2019-04-30T12:45:46.973000Z
129,1.12249,1.1225200000000002,1000000.0,1000000.0,2019-04-30T12:45:47.075000Z
130,1.12249,1.1225100000000001,1000000.0,1000000.0,2019-04-30T12:45:47.289000Z
131,1.12247,1.1225,2369999.8856,4440000.0572,2019-04-30T12:45:48.111000Z
132,1.12245,1.12249,5000000.0,4760000.2289,2019-04-30T12:45:48.213000Z
133,1.12245,1.12248,1250000.0,2700000.0477,2019-04-30T12:45:48.315000Z
134,1.12245,1.12248,1399999.9762,7389999.8665,2019-04-30T12:45:48.824000Z
135,1.12245,1.12248,1049999.9523,4389999.8665,2019-04-30T12:45:48.926000Z
136,1.12246,1.12248,1000000.0,4389999.8665,2019-04-30T12:45:49.129000Z
137,1.12245,1.12248,1500000.0,4010000.2289,2019-04-30T12:45:49.546000Z
138,1.12245,1.12247,1500000.0,1000000.0,2019-04-30T12:45:50.051000Z
139,1.12245,1.12248,2250000.0,3819999.9332,2019-04-30T12:45:50.213000Z
140,1.12245,1.12247,2250000.0,1000000.0,2019-04-30T12:45:50.315000Z
141,1.12243,1.12244,1500000.0,1120000.0048,2019-04-30T12:45:50.418000Z
142,1.1224200000000002,1.12244,1870000.0048,1500000.0,2019-04-30T12:45:50.469000Z
143,1.12243,1.12245,2500000.0,2140000.1049,2019-04-30T12:45:52.535000Z
144,1.12246,1.12248,3750000.0,1100000.0238,2019-04-30T12:45:52.637000Z
145,1.12247,1.12249,1720000.0286,1600000.0238,2019-04-30T12:45:52.740000Z
146,1.12249,1.1225,1000000.0,2700000.0477,2019-04-30T12:45:52.843000Z
147,1.12247,1.1225,4719999.7902,1200000.0477,2019-04-30T12:45:52.895000Z
148,1.12247,1.1225,3369999.8856,2470000.0286,2019-04-30T12:45:53.005000Z
149,1.12247,1.1225,4119999.8856,1500000.0,2019-04-30T12:45:53.108000Z
150,1.12249,1.1225,1500000.0,1100000.0238,2019-04-30T12:45:53.210000Z
151,1.12248,1.1225200000000002,1250000.0,6639999.8665,2019-04-30T12:45:53.314000Z
152,1.12247,1.1225,1309999.9428,1000000.0,2019-04-30T12:45:53.365000Z
153,1.12247,1.1225100000000001,1000000.0,4760000.2289,2019-04-30T12:45:53.468000Z
154,1.12247,1.1225,2250000.0,1950000.0477,2019-04-30T12:45:53.580000Z
155,1.12247,1.1225,1000000.0,2849999.9046,2019-04-30T12:45:53.683000Z
156,1.12247,1.1225,1000000.0,2700000.0477,2019-04-30T12:45:53.785000Z
157,1.12246,1.1225,3410000.0858,3450000.0477,2019-04-30T12:45:54.175000Z
158,1.12246,1.12249,1750000.0,1100000.0238,2019-04-30T12:45:54.328000Z
159,1.12246,1.12249,2190000.0572,1720000.0286,2019-04-30T12:45:54.531000Z
160,1.12246,1.12249,3609999.8951,2319999.9332,2019-04-30T12:45:54.734000Z
161,1.12246,1.12249,1690000.0572,1200000.0477,2019-04-30T12:45:55.309000Z
162,1.12246,1.1225,4440000.0572,9470000.267,2019-04-30T12:45:56.652000Z
163,1.12246,1.12249,1690000.0572,1250000.0,2019-04-30T12:45:56.945000Z
164,1.12247,1.12249,2250000.0,1000000.0,2019-04-30T12:45:57.684000Z
165,1.12247,1.1225,1000000.0,1000000.0,2019-04-30T12:45:57.909000Z
166,1.12246,1.1225100000000001,2619999.8856,7389999.8665,2019-04-30T12:45:58.723000Z
167,1.12246,1.1225100000000001,2619999.8856,8289999.9619,2019-04-30T12:45:58.875000Z
168,1.12246,1.1225,1870000.0048,1200000.0477,2019-04-30T12:45:58.977000Z
169,1.12246,1.1225,1620000.0048,4840000.1526,2019-04-30T12:46:00.805000Z
170,1.12246,1.1225,1000000.0,2700000.0477,2019-04-30T12:46:01.122000Z
171,1.12246,1.1225,1000000.0,2319999.9332,2019-04-30T12:46:02.323000Z
172,1.12247,1.12249,1000000.0,1120000.0048,2019-04-30T12:46:02.636000Z
173,1.12245,1.12247,3299999.9523,2200000.0477,2019-04-30T12:46:02.943000Z
174,1.12244,1.12246,1000000.0,2700000.0477,2019-04-30T12:46:03.046000Z
175,1.12245,1.12247,2250000.0,2450000.0477,2019-04-30T12:46:03.149000Z
176,1.12245,1.12248,2619999.8856,2700000.0477,2019-04-30T12:46:03.201000Z
177,1.12245,1.12248,1120000.0048,6349999.9046,2019-04-30T12:46:03.409000Z
178,1.12243,1.12247,1649999.9762,7300000.1907,2019-04-30T12:46:03.512000Z
179,1.12243,1.12247,4690000.0572,4300000.1907,2019-04-30T12:46:03.564000Z
180,1.12245,1.12247,1000000.0,1759999.9905,2019-04-30T12:46:04.136000Z
181,1.12245,1.12247,1500000.0,2950000.0477,2019-04-30T12:46:04.239000Z
182,1.12243,1.12247,2190000.0572,4820000.1717,2019-04-30T12:46:04.342000Z
183,1.12243,1.12245,1750000.0,1000000.0,2019-04-30T12:46:04.699000Z
184,1.12244,1.12246,1120000.0048,1389999.9857,2019-04-30T12:46:05.010000Z
185,1.12244,1.12245,1120000.0048,1000000.0,2019-04-30T12:46:05.283000Z
186,1.12244,1.12246,1120000.0048,1389999.9857,2019-04-30T12:46:05.396000Z
187,1.1224100000000001,1.12245,7079999.9237,1690000.0572,2019-04-30T12:46:07.389000Z
188,1.1224100000000001,1.12244,14220000.267,1000000.0,2019-04-30T12:46:07.745000Z
189,1.1224100000000001,1.12245,10470000.267,2140000.1049,2019-04-30T12:46:07.879000Z
190,1.1224200000000002,1.12245,1120000.0048,2289999.9619,2019-04-30T12:46:08.554000Z
191,1.1224100000000001,1.12243,2650000.0954,1000000.0,2019-04-30T12:46:09.791000Z
192,1.1224100000000001,1.12244,2650000.0954,1950000.0477,2019-04-30T12:46:09.893000Z
193,1.1224100000000001,1.12244,1870000.0048,1950000.0477,2019-04-30T12:46:12.207000Z
194,1.1224,1.12243,13439999.5804,1000000.0,2019-04-30T12:46:12.309000Z
195,1.1224100000000001,1.12244,4119999.8856,2700000.0477,2019-04-30T12:46:12.411000Z
196,1.1224100000000001,1.12243,4119999.8856,1000000.0,2019-04-30T12:46:12.655000Z
197,1.1224,1.12244,7440000.0572,2700000.0477,2019-04-30T12:46:12.883000Z
198,1.1224,1.12243,10439999.5804,1000000.0,2019-04-30T12:46:13.662000Z
199,1.1224100000000001,1.12244,4119999.8856,1950000.0477,2019-04-30T12:46:13.865000Z
200,1.1224,1.12243,5619999.8856,1000000.0,2019-04-30T12:46:14.465000Z
201,1.12239,1.1224100000000001,13420000.0763,1000000.0,2019-04-30T12:46:14.516000Z
202,1.12235,1.12238,3750000.0,3940000.0572,2019-04-30T12:46:14.700000Z
203,1.1223400000000001,1.12235,2619999.8856,1690000.0572,2019-04-30T12:46:14.752000Z
204,1.12233,1.1223400000000001,1120000.0048,1000000.0,2019-04-30T12:46:14.803000Z
205,1.1223100000000001,1.1223400000000001,1309999.9428,1000000.0,2019-04-30T12:46:14.855000Z
206,1.1223100000000001,1.12236,2059999.9428,9789999.9619,2019-04-30T12:46:14.957000Z
207,1.1223200000000002,1.12235,1500000.0,1570000.0525,2019-04-30T12:46:15.111000Z
208,1.1223100000000001,1.12235,5809999.9428,1200000.0477,2019-04-30T12:46:15.214000Z
209,1.1223200000000002,1.12236,1000000.0,10159999.8474,2019-04-30T12:46:15.368000Z
210,1.1223400000000001,1.12236,1120000.0048,1970000.0286,2019-04-30T12:46:15.471000Z
211,1.12235,1.12237,1500000.0,1200000.0477,2019-04-30T12:46:15.573000Z
212,1.12235,1.12237,1500000.0,2660000.0858,2019-04-30T12:46:15.675000Z
213,1.1223400000000001,1.12237,1000000.0,3000000.0,2019-04-30T12:46:15.778000Z
214,1.1223400000000001,1.12236,1750000.0,1000000.0,2019-04-30T12:46:15.881000Z
215,1.1223400000000001,1.12237,2500000.0,3000000.0,2019-04-30T12:46:15.982000Z
216,1.12235,1.12238,5500000.0,2250000.0,2019-04-30T12:46:16.136000Z
217,1.12235,1.12239,8500000.0,3000000.0,2019-04-30T12:46:16.289000Z
218,1.12239,1.1224,1500000.0,1500000.0,2019-04-30T12:46:18.354000Z
219,1.1224,1.1224200000000002,3559999.9428,1120000.0048,2019-04-30T12:46:18.406000Z
220,1.1224,1.12244,4690000.0572,4449999.8093,2019-04-30T12:46:18.509000Z
221,1.1224,1.12244,2809999.9428,2250000.0,2019-04-30T12:46:18.611000Z
222,1.1224,1.12243,2809999.9428,1000000.0,2019-04-30T12:46:18.718000Z
223,1.1224100000000001,1.12244,1000000.0,2250000.0,2019-04-30T12:46:18.820000Z
224,1.1224100000000001,1.12245,1000000.0,2440000.0572,2019-04-30T12:46:18.923000Z
225,1.1224,1.12245,7690000.0572,1690000.0572,2019-04-30T12:46:19.026000Z
226,1.1224,1.12245,8039999.9619,1500000.0,2019-04-30T12:46:19.129000Z
227,1.1224100000000001,1.12244,1250000.0,1100000.0238,2019-04-30T12:46:19.231000Z
228,1.12244,1.12246,1500000.0,6449999.8093,2019-04-30T12:46:20.574000Z
229,1.12246,1.12247,1500000.0,6750000.0,2019-04-30T12:46:20.626000Z
230,1.12246,1.12248,1000000.0,1000000.0,2019-04-30T12:46:20.730000Z
231,1.12245,1.12249,3000000.0,2000000.0,2019-04-30T12:46:20.873000Z
232,1.12245,1.12249,6809999.9428,2190000.0572,2019-04-30T12:46:21.077000Z
233,1.12245,1.12249,4500000.0,1500000.0,2019-04-30T12:46:21.178000Z
234,1.12245,1.12249,5250000.0,1000000.0,2019-04-30T12:46:21.280000Z
235,1.12245,1.12249,11000000.0,2440000.0572,2019-04-30T12:46:21.382000Z
236,1.12246,1.12249,1490000.0095,1690000.0572,2019-04-30T12:46:21.533000Z
237,1.12245,1.12249,6679999.8283,1250000.0,2019-04-30T12:46:22.900000Z
238,1.12248,1.1225,1000000.0,2619999.8856,2019-04-30T12:46:26.103000Z
239,1.12249,1.1225100000000001,2809999.9428,1500000.0,2019-04-30T12:46:26.196000Z
240,1.1225100000000001,1.1225200000000002,1000000.0,3369999.8856,2019-04-30T12:46:26.248000Z
241,1.12249,1.12253,1500000.0,3940000.0572,2019-04-30T12:46:26.378000Z
242,1.12249,1.1225200000000002,2250000.0,1000000.0,2019-04-30T12:46:26.847000Z
243,1.12249,1.1225100000000001,2250000.0,1000000.0,2019-04-30T12:46:27.640000Z
244,1.12249,1.1225200000000002,1000000.0,1250000.0,2019-04-30T12:46:27.741000Z
245,1.1225,1.1225100000000001,1000000.0,1000000.0,2019-04-30T12:46:28.565000Z
246,1.12249,1.1225200000000002,1500000.0,1250000.0,2019-04-30T12:46:28.667000Z
247,1.1225,1.1225100000000001,1000000.0,1000000.0,2019-04-30T12:46:30.213000Z
248,1.12249,1.1225200000000002,1500000.0,1250000.0,2019-04-30T12:46:30.316000Z
249,1.1225,1.1225100000000001,1000000.0,1000000.0,2019-04-30T12:46:30.673000Z
250,1.12249,1.1225200000000002,1500000.0,1250000.0,2019-04-30T12:46:30.880000Z
251,1.1225,1.1225100000000001,1120000.0048,1000000.0,2019-04-30T12:46:31.081000Z
252,1.1225,1.12254,6559999.9428,1120000.0048,2019-04-30T12:46:31.133000Z
253,1.1225200000000002,1.12254,1000000.0,1250000.0,2019-04-30T12:46:31.235000Z
254,1.12253,1.1225500000000002,1000000.0,2910000.0858,2019-04-30T12:46:31.754000Z
255,1.1225100000000001,1.1225500000000002,1000000.0,1409999.9666,2019-04-30T12:46:31.856000Z
256,1.1225,1.12254,11619999.8856,1009999.9905,2019-04-30T12:46:31.957000Z
257,1.1225,1.12253,3000000.0,1500000.0,2019-04-30T12:46:32.111000Z
258,1.1225100000000001,1.12253,1000000.0,1570000.0525,2019-04-30T12:46:32.653000Z
259,1.1225100000000001,1.12253,1000000.0,1600000.0238,2019-04-30T12:46:32.958000Z
260,1.12249,1.1225,1000000.0,1000000.0,2019-04-30T12:46:33.061000Z
261,1.12249,1.1225100000000001,1000000.0,1000000.0,2019-04-30T12:46:33.162000Z
262,1.12249,1.1225200000000002,1000000.0,1309999.9428,2019-04-30T12:46:33.264000Z
263,1.12248,1.12253,4500000.0,4119999.8856,2019-04-30T12:46:33.912000Z
264,1.12249,1.1225200000000002,1500000.0,1690000.0572,2019-04-30T12:46:34.098000Z
265,1.1225,1.1225200000000002,3000000.0,1000000.0,2019-04-30T12:46:34.200000Z
266,1.1225100000000001,1.12253,1500000.0,2809999.9428,2019-04-30T12:46:34.303000Z
267,1.12249,1.12253,3400000.0954,2440000.0572,2019-04-30T12:46:34.413000Z
268,1.1225,1.1225200000000002,1049999.9523,1000000.0,2019-04-30T12:46:34.616000Z
269,1.12249,1.12253,2650000.0954,3190000.0572,2019-04-30T12:46:34.769000Z
270,1.1225,1.1225200000000002,1049999.9523,1000000.0,2019-04-30T12:46:35.018000Z
271,1.12249,1.12253,1899999.9762,1250000.0,2019-04-30T12:46:35.120000Z
272,1.12249,1.1225200000000002,1399999.9762,1000000.0,2019-04-30T12:46:35.399000Z
273,1.12249,1.1225200000000002,1000000.0,1309999.9428,2019-04-30T12:46:35.501000Z
274,1.12248,1.1225200000000002,1870000.0048,2440000.0572,2019-04-30T12:46:37.431000Z
275,1.1225200000000002,1.12254,1000000.0,1200000.0477,2019-04-30T12:46:38.535000Z
276,1.1225100000000001,1.12254,1500000.0,1000000.0,2019-04-30T12:46:38.638000Z
277,1.1225100000000001,1.1225500000000002,1000000.0,4010000.2289,2019-04-30T12:46:38.785000Z
278,1.1225200000000002,1.12254,1500000.0,1500000.0,2019-04-30T12:46:38.887000Z
279,1.1225200000000002,1.12253,1500000.0,1000000.0,2019-04-30T12:46:38.989000Z
280,1.1225200000000002,1.12254,1000000.0,1500000.0,2019-04-30T12:46:39.091000Z
281,1.12253,1.12254,1000000.0,1500000.0,2019-04-30T12:46:39.243000Z
282,1.12253,1.12256,3000000.0,1269999.9809,2019-04-30T12:46:39.295000Z
283,1.12254,1.12257,1200000.0477,4820000.1717,2019-04-30T12:46:39.347000Z
284,1.12254,1.12257,2099999.9046,1250000.0,2019-04-30T12:46:39.452000Z
285,1.12254,1.12256,1500000.0,1000000.0,2019-04-30T12:46:39.555000Z
286,1.12254,1.12258,1000000.0,6320000.1717,2019-04-30T12:46:39.866000Z
287,1.12253,1.12258,7119999.8856,4449999.8093,2019-04-30T12:46:40.546000Z
288,1.12254,1.12257,1500000.0,1250000.0,2019-04-30T12:46:41.138000Z
289,1.12253,1.12258,7119999.8856,4449999.8093,2019-04-30T12:46:41.482000Z
290,1.12254,1.12258,1000000.0,5199999.8093,2019-04-30T12:46:42.367000Z
291,1.12253,1.12258,7119999.8856,4449999.8093,2019-04-30T12:46:42.469000Z
292,1.12254,1.12257,1500000.0,1250000.0,2019-04-30T12:46:42.659000Z
293,1.12253,1.12258,7119999.8856,4449999.8093,2019-04-30T12:46:42.762000Z
294,1.12254,1.12257,1500000.0,1250000.0,2019-04-30T12:46:42.965000Z
295,1.12253,1.12258,7119999.8856,3700000.0477,2019-04-30T12:46:43.294000Z
296,1.12254,1.12256,1000000.0,1000000.0,2019-04-30T12:46:43.396000Z
297,1.12253,1.12257,4869999.8856,6260000.2289,2019-04-30T12:46:43.498000Z
298,1.12253,1.12256,1309999.9428,1000000.0,2019-04-30T12:46:43.939000Z
299,1.12253,1.1225500000000002,1000000.0,1500000.0,2019-04-30T12:46:44.092000Z
300,1.1225200000000002,1.12254,3000000.0,1000000.0,2019-04-30T12:46:44.194000Z
301,1.1225100000000001,1.12253,2250000.0,2619999.8856,2019-04-30T12:46:53.268000Z
302,1.12249,1.12253,5650000.0954,4389999.8665,2019-04-30T12:46:53.398000Z
303,1.1225,1.1225200000000002,1240000.0095,1000000.0,2019-04-30T12:46:55.111000Z
304,1.1225,1.12253,1250000.0,2809999.9428,2019-04-30T12:46:55.213000Z
305,1.12249,1.1225200000000002,1120000.0048,2250000.0,2019-04-30T12:47:04.286000Z
306,1.12249,1.1225100000000001,1500000.0,1000000.0,2019-04-30T12:47:04.490000Z
307,1.1225,1.1225100000000001,1000000.0,1500000.0,2019-04-30T12:47:05.260000Z
308,1.12249,1.1225100000000001,1870000.0048,1870000.0048,2019-04-30T12:47:05.362000Z
309,1.1225,1.1225100000000001,1000000.0,2619999.8856,2019-04-30T12:47:05.928000Z
310,1.12249,1.1225100000000001,1120000.0048,1870000.0048,2019-04-30T12:47:06.148000Z
311,1.1225,1.1225100000000001,1000000.0,1870000.0048,2019-04-30T12:47:06.250000Z
312,1.12249,1.1225100000000001,1000000.0,1000000.0,2019-04-30T12:47:06.352000Z
313,1.12249,1.1225,1000000.0,1000000.0,2019-04-30T12:47:06.454000Z
314,1.12248,1.1225,1690000.0572,1000000.0,2019-04-30T12:47:06.735000Z
315,1.1225,1.1225200000000002,1000000.0,3000000.0,2019-04-30T12:47:06.849000Z
316,1.12249,1.1225200000000002,3259999.9905,1000000.0,2019-04-30T12:47:07.014000Z
317,1.1225,1.1225200000000002,1049999.9523,1000000.0,2019-04-30T12:47:07.548000Z
318,1.1225,1.12253,1049999.9523,2250000.0,2019-04-30T12:47:07.667000Z
319,1.12249,1.12253,3210000.0381,1570000.0525,2019-04-30T12:47:08.137000Z
320,1.1225,1.1225200000000002,1000000.0,1000000.0,2019-04-30T12:47:08.239000Z
321,1.12249,1.1225200000000002,2809999.9428,1000000.0,2019-04-30T12:47:08.341000Z
322,1.1225,1.12253,1000000.0,5619999.8856,2019-04-30T12:47:08.542000Z
323,1.12249,1.1225200000000002,2059999.9428,1000000.0,2019-04-30T12:47:08.645000Z
324,1.1225,1.1225200000000002,1000000.0,1000000.0,2019-04-30T12:47:08.967000Z
325,1.12249,1.12253,7760000.2289,2250000.0,2019-04-30T12:47:10.145000Z
326,1.1225,1.12253,1690000.0572,2250000.0,2019-04-30T12:47:10.247000Z
327,1.1225200000000002,1.12254,3250000.0,7869999.8856,2019-04-30T12:47:12.768000Z
328,1.12256,1.12258,1250000.0,1870000.0048,2019-04-30T12:47:12.870000Z
329,1.12256,1.12259,1250000.0,2059999.9428,2019-04-30T12:47:12.973000Z
330,1.12257,1.12259,1000000.0,1500000.0,2019-04-30T12:47:13.104000Z
331,1.12258,1.12259,1000000.0,1000000.0,2019-04-30T12:47:13.207000Z
332,1.12257,1.12261,5320000.1717,5260000.2289,2019-04-30T12:47:13.309000Z
333,1.12258,1.12261,1000000.0,3390000.1049,2019-04-30T12:47:13.563000Z
334,1.12257,1.1226,3450000.0477,1000000.0,2019-04-30T12:47:15.008000Z
335,1.12257,1.12261,4199999.8093,4869999.8856,2019-04-30T12:47:15.110000Z
336,1.12258,1.12261,1120000.0048,5619999.8856,2019-04-30T12:47:16.234000Z
337,1.12257,1.12261,4119999.8856,4500000.0,2019-04-30T12:47:17.967000Z
338,1.12259,1.12261,1000000.0,5250000.0,2019-04-30T12:47:19.879000Z
339,1.12258,1.12261,1000000.0,10000000.0,2019-04-30T12:47:20.236000Z
340,1.12257,1.1226,5320000.1717,1690000.0572,2019-04-30T12:47:20.338000Z
341,1.12257,1.12259,1870000.0048,1000000.0,2019-04-30T12:47:20.491000Z
342,1.12256,1.1226,4949999.8093,2809999.9428,2019-04-30T12:47:20.593000Z
343,1.12257,1.1226,1000000.0,3559999.9428,2019-04-30T12:47:20.736000Z
344,1.12256,1.1226,5699999.8093,4309999.9428,2019-04-30T12:47:20.848000Z
345,1.12257,1.12259,1500000.0,1000000.0,2019-04-30T12:47:21.157000Z
346,1.1225500000000002,1.12256,5250000.0,2250000.0,2019-04-30T12:47:21.260000Z
347,1.1225500000000002,1.12257,1000000.0,3299999.9523,2019-04-30T12:47:21.569000Z
348,1.12256,1.12257,1000000.0,1120000.0048,2019-04-30T12:47:21.723000Z
349,1.1225500000000002,1.12257,1500000.0,1120000.0048,2019-04-30T12:47:21.826000Z
350,1.12254,1.12257,7570000.1717,1120000.0048,2019-04-30T12:47:23.630000Z
351,1.12254,1.12257,7719999.7902,1120000.0048,2019-04-30T12:47:23.732000Z
352,1.1225500000000002,1.12258,1850000.0238,2140000.1049,2019-04-30T12:47:24.450000Z
353,1.12254,1.12258,6099999.9046,1690000.0572,2019-04-30T12:47:24.552000Z
354,1.12254,1.12258,5139999.8665,3250000.0,2019-04-30T12:47:24.654000Z
355,1.1225500000000002,1.12257,1000000.0,1250000.0,2019-04-30T12:47:24.915000Z
356,1.12256,1.12258,1000000.0,5500000.0,2019-04-30T12:47:25.707000Z
357,1.1225500000000002,1.12258,3900000.0954,4869999.8856,2019-04-30T12:47:25.816000Z
358,1.12254,1.12257,3819999.9332,1120000.0048,2019-04-30T12:47:29.800000Z
359,1.1225500000000002,1.12257,1000000.0,3000000.0,2019-04-30T12:47:29.903000Z
360,1.12254,1.12257,1000000.0,1500000.0,2019-04-30T12:47:30.007000Z
361,1.12254,1.12258,1000000.0,8140000.3433,2019-04-30T12:47:31.140000Z
362,1.12254,1.12257,1950000.0477,1000000.0,2019-04-30T12:47:32.660000Z
363,1.12254,1.12258,1950000.0477,7389999.8665,2019-04-30T12:47:34.426000Z
364,1.1225500000000002,1.12257,1000000.0,1500000.0,2019-04-30T12:47:37.548000Z
365,1.12254,1.12258,1500000.0,8140000.3433,2019-04-30T12:47:37.743000Z
366,1.12254,1.12256,3470000.0286,1250000.0,2019-04-30T12:47:37.795000Z
367,1.1225200000000002,1.1225500000000002,6070000.1717,1120000.0048,2019-04-30T12:47:37.897000Z
368,1.1225200000000002,1.1225500000000002,1000000.0,1500000.0,2019-04-30T12:47:37.999000Z
369,1.1225100000000001,1.12253,2319999.9332,1120000.0048,2019-04-30T12:47:38.165000Z
370,1.1225200000000002,1.12254,1000000.0,2250000.0,2019-04-30T12:47:38.267000Z
371,1.1225100000000001,1.12254,3819999.9332,1500000.0,2019-04-30T12:47:38.369000Z
372,1.1225100000000001,1.12254,6570000.1717,1120000.0048,2019-04-30T12:47:39.126000Z
373,1.1225100000000001,1.12254,3200000.0477,1000000.0,2019-04-30T12:47:40.605000Z
374,1.1225100000000001,1.12254,1120000.0048,3200000.0477,2019-04-30T12:47:40.707000Z
375,1.1225200000000002,1.12253,1000000.0,1120000.0048,2019-04-30T12:47:40.810000Z
376,1.1225100000000001,1.1225500000000002,3369999.8856,4659999.8474,2019-04-30T12:47:40.912000Z
377,1.1225200000000002,1.1225500000000002,1000000.0,6219999.7902,2019-04-30T12:47:41.022000Z
378,1.1225100000000001,1.1225500000000002,2319999.9332,6219999.7902,2019-04-30T12:47:41.174000Z
379,1.1225200000000002,1.1225500000000002,1000000.0,6219999.7902,2019-04-30T12:47:41.988000Z
380,1.1225100000000001,1.1225500000000002,3069999.9332,3970000.0286,2019-04-30T12:47:42.091000Z
381,1.1225200000000002,1.1225500000000002,1000000.0,3309999.9428,2019-04-30T12:47:42.783000Z
382,1.1225100000000001,1.1225500000000002,3819999.9332,1250000.0,2019-04-30T12:47:43.139000Z
383,1.1225100000000001,1.1225500000000002,4570000.1717,1250000.0,2019-04-30T12:47:43.895000Z
384,1.1225200000000002,1.1225500000000002,1000000.0,1690000.0572,2019-04-30T12:47:44.082000Z
385,1.1225200000000002,1.12254,1000000.0,1000000.0,2019-04-30T12:47:44.435000Z
386,1.1225100000000001,1.12254,1570000.0525,1500000.0,2019-04-30T12:47:44.537000Z
387,1.1225200000000002,1.12254,1120000.0048,3000000.0,2019-04-30T12:47:45.437000Z
388,1.1225100000000001,1.12254,3000000.0,1139999.9857,2019-04-30T12:47:46.034000Z
389,1.1225,1.12254,10760000.2289,1059999.9428,2019-04-30T12:47:46.199000Z
390,1.1225100000000001,1.12253,1500000.0,1250000.0,2019-04-30T12:47:46.364000Z
391,1.1225,1.1225200000000002,3069999.9332,1690000.0572,2019-04-30T12:47:46.467000Z
392,1.12249,1.1225200000000002,1500000.0,5059999.9428,2019-04-30T12:47:46.570000Z
393,1.12249,1.1225100000000001,1000000.0,6039999.9619,2019-04-30T12:47:46.621000Z
394,1.12247,1.1225,3750000.0,2059999.9428,2019-04-30T12:47:46.764000Z
395,1.12247,1.12249,1870000.0048,1000000.0,2019-04-30T12:47:46.866000Z
396,1.12246,1.12248,2200000.0477,8060000.4196,2019-04-30T12:47:47.070000Z
397,1.12244,1.12247,3819999.9332,1690000.0572,2019-04-30T12:47:47.172000Z
398,1.12245,1.12246,1000000.0,1000000.0,2019-04-30T12:47:47.281000Z
399,1.12244,1.12246,1870000.0048,1000000.0,2019-04-30T12:47:47.383000Z
400,1.12245,1.12246,1000000.0,1250000.0,2019-04-30T12:47:47.610000Z
401,1.12244,1.12246,1870000.0048,1250000.0,2019-04-30T12:47:47.711000Z
402,1.12245,1.12246,1000000.0,1250000.0,2019-04-30T12:47:48.392000Z
403,1.12244,1.12246,1500000.0,1250000.0,2019-04-30T12:47:48.494000Z
404,1.12245,1.12247,1000000.0,2500000.0,2019-04-30T12:47:49.005000Z
405,1.12244,1.12247,1500000.0,1250000.0,2019-04-30T12:47:49.108000Z
406,1.12245,1.12248,1570000.0525,1250000.0,2019-04-30T12:47:50.164000Z
407,1.12246,1.12248,1000000.0,1250000.0,2019-04-30T12:47:50.266000Z
408,1.12245,1.12248,1570000.0525,1500000.0,2019-04-30T12:47:50.470000Z
409,1.12245,1.12247,3750000.0,1000000.0,2019-04-30T12:47:51.199000Z
410,1.12246,1.12247,1000000.0,1000000.0,2019-04-30T12:47:51.301000Z
411,1.12246,1.12248,1000000.0,1759999.9905,2019-04-30T12:47:51.590000Z
412,1.12246,1.12247,1000000.0,3190000.0572,2019-04-30T12:47:52.577000Z
413,1.12244,1.12247,1000000.0,5440000.0572,2019-04-30T12:47:52.679000Z
414,1.12244,1.12247,1000000.0,6250000.0,2019-04-30T12:47:52.781000Z
415,1.12245,1.12246,1000000.0,2440000.0572,2019-04-30T12:47:52.907000Z
416,1.12243,1.12246,6369999.8856,3940000.0572,2019-04-30T12:47:52.958000Z
417,1.12244,1.12246,1000000.0,1250000.0,2019-04-30T12:47:53.061000Z
418,1.12244,1.12246,2500000.0,1250000.0,2019-04-30T12:47:55.230000Z
419,1.12244,1.12247,1000000.0,4750000.0,2019-04-30T12:47:55.447000Z
420,1.12245,1.12246,1000000.0,1250000.0,2019-04-30T12:47:57.029000Z
421,1.12244,1.12247,1000000.0,4000000.0,2019-04-30T12:47:57.144000Z
422,1.12245,1.12247,1000000.0,4750000.0,2019-04-30T12:47:57.587000Z
423,1.12244,1.12246,1000000.0,1370000.0048,2019-04-30T12:47:57.894000Z
424,1.12245,1.12246,1000000.0,1690000.0572,2019-04-30T12:47:58.110000Z
425,1.12244,1.12246,1000000.0,1250000.0,2019-04-30T12:47:58.229000Z
426,1.12245,1.12246,1000000.0,1690000.0572,2019-04-30T12:47:58.517000Z
427,1.12244,1.12246,1000000.0,1250000.0,2019-04-30T12:47:58.619000Z
428,1.12245,1.12246,1000000.0,1690000.0572,2019-04-30T12:47:59.046000Z
429,1.12244,1.12246,1000000.0,1250000.0,2019-04-30T12:47:59.148000Z
430,1.12244,1.12247,1000000.0,1690000.0572,2019-04-30T12:47:59.200000Z
431,1.12245,1.12247,1000000.0,3190000.0572,2019-04-30T12:47:59.353000Z
432,1.12245,1.12246,1000000.0,1000000.0,2019-04-30T12:47:59.456000Z
433,1.12244,1.12247,1000000.0,5059999.9428,2019-04-30T12:47:59.575000Z
434,1.12244,1.12246,1500000.0,1000000.0,2019-04-30T12:47:59.727000Z
435,1.12245,1.12246,1000000.0,3940000.0572,2019-04-30T12:48:00.125000Z
436,1.12243,1.12245,1870000.0048,1500000.0,2019-04-30T12:48:00.325000Z
437,1.1224200000000002,1.12245,3119999.8856,4000000.0,2019-04-30T12:48:00.427000Z
438,1.12243,1.12245,1000000.0,1250000.0,2019-04-30T12:48:00.632000Z
439,1.1224200000000002,1.12246,3369999.8856,3750000.0,2019-04-30T12:48:00.734000Z
440,1.1224200000000002,1.12244,3369999.8856,1250000.0,2019-04-30T12:48:00.836000Z
441,1.12243,1.12244,1000000.0,1250000.0,2019-04-30T12:48:00.937000Z
442,1.1224200000000002,1.12244,3369999.8856,1250000.0,2019-04-30T12:48:01.227000Z
443,1.1224100000000001,1.12243,1000000.0,1250000.0,2019-04-30T12:48:01.432000Z
444,1.1224200000000002,1.12244,1000000.0,4369999.8856,2019-04-30T12:48:01.802000Z
445,1.1224100000000001,1.12244,1500000.0,2119999.8856,2019-04-30T12:48:01.904000Z
446,1.1224200000000002,1.12244,1000000.0,4369999.8856,2019-04-30T12:48:02.162000Z
447,1.1224100000000001,1.12244,1500000.0,2119999.8856,2019-04-30T12:48:02.264000Z
448,1.1224200000000002,1.12244,1000000.0,4000000.0,2019-04-30T12:48:02.444000Z
449,1.1224100000000001,1.12244,1500000.0,1750000.0,2019-04-30T12:48:02.546000Z
450,1.1224200000000002,1.12244,1000000.0,4750000.0,2019-04-30T12:48:02.819000Z
451,1.1224100000000001,1.12244,1500000.0,1750000.0,2019-04-30T12:48:03.417000Z
452,1.1224100000000001,1.1224200000000002,1000000.0,1000000.0,2019-04-30T12:48:03.827000Z
453,1.1224100000000001,1.12243,1000000.0,8060000.4196,2019-04-30T12:48:03.980000Z
454,1.12239,1.1224200000000002,1500000.0,3940000.0572,2019-04-30T12:48:04.082000Z
455,1.12238,1.1224200000000002,4159999.8474,4750000.0,2019-04-30T12:48:04.190000Z
456,1.12239,1.1224100000000001,1500000.0,2809999.9428,2019-04-30T12:48:04.343000Z
457,1.12238,1.1224100000000001,3369999.8856,1309999.9428,2019-04-30T12:48:04.445000Z
458,1.12238,1.1224,1500000.0,1000000.0,2019-04-30T12:48:04.547000Z
459,1.12236,1.12238,3789999.9619,2309999.9428,2019-04-30T12:48:04.599000Z
460,1.12233,1.12236,2069999.9332,1120000.0048,2019-04-30T12:48:04.742000Z
461,1.1223200000000002,1.12236,3500000.0,1690000.0572,2019-04-30T12:48:04.844000Z
462,1.12233,1.12237,4119999.8856,4050000.1907,2019-04-30T12:48:05.145000Z
463,1.12233,1.12238,4670000.0763,8569999.6948,2019-04-30T12:48:05.248000Z
464,1.1223400000000001,1.12237,1000000.0,1389999.9857,2019-04-30T12:48:05.350000Z
465,1.12235,1.12237,1000000.0,1570000.0525,2019-04-30T12:48:05.453000Z
466,1.1223400000000001,1.12237,1000000.0,3069999.9332,2019-04-30T12:48:05.690000Z
467,1.1223400000000001,1.12236,1000000.0,3250000.0,2019-04-30T12:48:05.801000Z
468,1.1223400000000001,1.12236,1000000.0,5510000.2289,2019-04-30T12:48:05.904000Z
469,1.1223100000000001,1.12235,6369999.8856,4750000.0,2019-04-30T12:48:06.007000Z
470,1.1223200000000002,1.12233,1000000.0,1500000.0,2019-04-30T12:48:06.261000Z
471,1.1223100000000001,1.1223400000000001,1000000.0,1690000.0572,2019-04-30T12:48:06.363000Z
472,1.1223100000000001,1.12233,3000000.0,1000000.0,2019-04-30T12:48:06.516000Z
473,1.1223200000000002,1.1223400000000001,1000000.0,4070000.1717,2019-04-30T12:48:06.618000Z
474,1.1223100000000001,1.1223200000000002,1000000.0,1250000.0,2019-04-30T12:48:07.010000Z
475,1.12229,1.1223200000000002,1899999.9762,5349999.9046,2019-04-30T12:48:07.114000Z
476,1.1223,1.1223200000000002,1000000.0,1570000.0525,2019-04-30T12:48:07.216000Z
477,1.1223,1.12233,3750000.0,3259999.9905,2019-04-30T12:48:07.369000Z
478,1.1223,1.12233,1870000.0048,3690000.0572,2019-04-30T12:48:07.478000Z
479,1.12228,1.12233,4699999.8093,7199999.8093,2019-04-30T12:48:08.096000Z
480,1.12227,1.1223,2750000.0,1250000.0,2019-04-30T12:48:08.315000Z
481,1.12227,1.1223,1000000.0,1750000.0,2019-04-30T12:48:08.724000Z
482,1.12226,1.1223,4510000.2289,1250000.0,2019-04-30T12:48:08.826000Z
483,1.12226,1.12228,1120000.0048,1250000.0,2019-04-30T12:48:09.481000Z
484,1.12226,1.12227,3000000.0,1250000.0,2019-04-30T12:48:09.584000Z
485,1.1222400000000001,1.12228,3220000.0286,7500000.0,2019-04-30T12:48:09.686000Z
486,1.12225,1.12228,1200000.0477,4570000.1717,2019-04-30T12:48:09.788000Z
487,1.12226,1.12227,1500000.0,1000000.0,2019-04-30T12:48:09.890000Z
488,1.12226,1.12229,1000000.0,1309999.9428,2019-04-30T12:48:10.043000Z
489,1.12227,1.12229,1000000.0,2619999.8856,2019-04-30T12:48:10.146000Z
490,1.12226,1.12229,4119999.8856,1870000.0048,2019-04-30T12:48:10.248000Z
491,1.12227,1.12229,1000000.0,2440000.0572,2019-04-30T12:48:10.402000Z
492,1.12226,1.12229,1870000.0048,1690000.0572,2019-04-30T12:48:10.504000Z
493,1.12228,1.1223,2250000.0,4690000.0572,2019-04-30T12:48:10.647000Z
494,1.1223,1.1223200000000002,1049999.9523,1370000.0048,2019-04-30T12:48:10.750000Z
495,1.1223,1.1223200000000002,2250000.0,1000000.0,2019-04-30T12:48:10.853000Z
496,1.1223100000000001,1.12233,1000000.0,6369999.8856,2019-04-30T12:48:11.146000Z
497,1.12229,1.12233,2650000.0954,5059999.9428,2019-04-30T12:48:11.249000Z
498,1.12229,1.1223100000000001,1120000.0048,1250000.0,2019-04-30T12:48:11.352000Z
499,1.1223,1.1223100000000001,1000000.0,1250000.0,2019-04-30T12:48:11.504000Z
500,1.1223,1.1223200000000002,1500000.0,1000000.0,2019-04-30T12:48:11.607000Z
501,1.1223100000000001,1.1223400000000001,3000000.0,1120000.0048,2019-04-30T12:48:11.752000Z
502,1.1223200000000002,1.1223400000000001,1000000.0,1500000.0,2019-04-30T12:48:11.803000Z
503,1.1223,1.1223400000000001,10439999.5804,1500000.0,2019-04-30T12:48:12.058000Z
504,1.1223100000000001,1.12235,1870000.0048,10760000.2289,2019-04-30T12:48:12.160000Z
505,1.1223,1.1223400000000001,5750000.0,1250000.0,2019-04-30T12:48:12.314000Z
506,1.1223,1.1223200000000002,3369999.8856,1250000.0,2019-04-30T12:48:12.493000Z
507,1.1223100000000001,1.1223200000000002,1000000.0,1690000.0572,2019-04-30T12:48:12.850000Z
508,1.1223,1.1223200000000002,1870000.0048,1250000.0,2019-04-30T12:48:12.953000Z
509,1.12229,1.1223200000000002,5809999.9428,1250000.0,2019-04-30T12:48:13.731000Z
510,1.1223,1.1223200000000002,1000000.0,1250000.0,2019-04-30T12:48:13.832000Z
511,1.1223,1.1223400000000001,4820000.1717,3559999.9428,2019-04-30T12:48:14.037000Z
512,1.1223100000000001,1.1223400000000001,1000000.0,1500000.0,2019-04-30T12:48:14.190000Z
513,1.1223200000000002,1.1223400000000001,1000000.0,1000000.0,2019-04-30T12:48:14.343000Z
514,1.1223200000000002,1.12235,1000000.0,4869999.8856,2019-04-30T12:48:14.496000Z
515,1.12233,1.1223400000000001,1000000.0,1000000.0,2019-04-30T12:48:14.598000Z
516,1.1223100000000001,1.1223400000000001,3119999.8856,2250000.0,2019-04-30T12:48:14.748000Z
517,1.1223,1.1223200000000002,6699999.8093,1250000.0,2019-04-30T12:48:20.171000Z
518,1.12229,1.1223100000000001,1690000.0572,1250000.0,2019-04-30T12:48:20.273000Z
519,1.1223100000000001,1.1223400000000001,1450000.0477,5250000.0,2019-04-30T12:48:20.488000Z
520,1.1223200000000002,1.1223400000000001,1000000.0,1120000.0048,2019-04-30T12:48:20.641000Z
521,1.1223100000000001,1.1223400000000001,1309999.9428,2059999.9428,2019-04-30T12:48:20.787000Z
522,1.1223200000000002,1.12235,1120000.0048,8189999.5804,2019-04-30T12:48:20.889000Z
523,1.12233,1.1223400000000001,1500000.0,2250000.0,2019-04-30T12:48:21.095000Z
524,1.1223400000000001,1.12236,1000000.0,1389999.9857,2019-04-30T12:48:21.146000Z
525,1.12235,1.12239,2549999.9523,6320000.1717,2019-04-30T12:48:21.248000Z
526,1.1223400000000001,1.12238,4500000.0,6250000.0,2019-04-30T12:48:21.351000Z
527,1.12235,1.12237,1000000.0,1690000.0572,2019-04-30T12:48:21.607000Z
528,1.1223400000000001,1.12237,1500000.0,4000000.0,2019-04-30T12:48:21.710000Z
529,1.12235,1.12237,1000000.0,10000000.0,2019-04-30T12:48:21.812000Z
530,1.1223400000000001,1.12237,1500000.0,4750000.0,2019-04-30T12:48:21.914000Z
531,1.1223400000000001,1.12236,1000000.0,1250000.0,2019-04-30T12:48:22.016000Z
532,1.12235,1.12237,1000000.0,4000000.0,2019-04-30T12:48:22.322000Z
533,1.1223400000000001,1.12237,1000000.0,3250000.0,2019-04-30T12:48:22.424000Z
534,1.1223400000000001,1.12236,1500000.0,1250000.0,2019-04-30T12:48:22.628000Z
535,1.1223400000000001,1.12237,1500000.0,3190000.0572,2019-04-30T12:48:22.832000Z
536,1.12235,1.12237,1000000.0,6940000.0572,2019-04-30T12:48:22.984000Z
537,1.1223400000000001,1.12236,1000000.0,1250000.0,2019-04-30T12:48:23.086000Z
538,1.12235,1.12236,1000000.0,1309999.9428,2019-04-30T12:48:23.704000Z
539,1.12235,1.12238,3490000.0095,1120000.0048,2019-04-30T12:48:23.843000Z
540,1.12238,1.12239,1000000.0,1500000.0,2019-04-30T12:48:23.946000Z
541,1.12239,1.1224100000000001,1000000.0,2319999.9332,2019-04-30T12:48:24.049000Z
542,1.12238,1.1224100000000001,1500000.0,2500000.0,2019-04-30T12:48:24.209000Z
543,1.12239,1.1224100000000001,1000000.0,1250000.0,2019-04-30T12:48:24.311000Z
544,1.12238,1.1224100000000001,2619999.8856,1750000.0,2019-04-30T12:48:24.413000Z
545,1.12238,1.1224,1120000.0048,1250000.0,2019-04-30T12:48:24.669000Z
546,1.12237,1.1224,1120000.0048,1750000.0,2019-04-30T12:48:25.273000Z
547,1.12237,1.12239,1000000.0,2500000.0,2019-04-30T12:48:27.150000Z
548,1.12237,1.12239,1000000.0,1690000.0572,2019-04-30T12:48:29.295000Z
549,1.12237,1.1224,2250000.0,3940000.0572,2019-04-30T12:48:29.671000Z
550,1.12237,1.1224,2750000.0,1690000.0572,2019-04-30T12:48:29.825000Z
551,1.12236,1.12239,2619999.8856,3940000.0572,2019-04-30T12:48:29.876000Z
552,1.12237,1.12239,1000000.0,1000000.0,2019-04-30T12:48:29.978000Z
553,1.12237,1.1224,3369999.8856,1690000.0572,2019-04-30T12:48:30.088000Z
554,1.1224,1.12243,1870000.0048,2950000.0477,2019-04-30T12:48:30.140000Z
555,1.12239,1.1224200000000002,1000000.0,1250000.0,2019-04-30T12:48:30.243000Z
556,1.1224,1.12243,2140000.1049,1120000.0048,2019-04-30T12:48:30.346000Z
557,1.1224100000000001,1.12243,2250000.0,1120000.0048,2019-04-30T12:48:30.745000Z
558,1.12238,1.1224200000000002,8810000.4196,1500000.0,2019-04-30T12:48:31.156000Z
559,1.12238,1.1224100000000001,3369999.8856,1250000.0,2019-04-30T12:48:31.310000Z
560,1.12239,1.1224100000000001,1000000.0,1250000.0,2019-04-30T12:48:31.567000Z
561,1.12238,1.1224,1120000.0048,1250000.0,2019-04-30T12:48:31.721000Z
562,1.12239,1.1224,1000000.0,1250000.0,2019-04-30T12:48:31.926000Z
563,1.12238,1.1224,1000000.0,1250000.0,2019-04-30T12:48:32.104000Z
564,1.12239,1.1224,1000000.0,1250000.0,2019-04-30T12:48:32.206000Z
565,1.12238,1.1224,1000000.0,1250000.0,2019-04-30T12:48:32.358000Z
566,1.12237,1.1224,1500000.0,2500000.0,2019-04-30T12:48:33.230000Z
567,1.12237,1.1224,1500000.0,3559999.9428,2019-04-30T12:48:33.347000Z
568,1.12236,1.1224,8619999.8856,2809999.9428,2019-04-30T12:48:33.449000Z
569,1.12237,1.1224,1000000.0,1750000.0,2019-04-30T12:48:33.551000Z
570,1.12237,1.1224,1000000.0,2059999.9428,2019-04-30T12:48:33.824000Z
571,1.12236,1.12238,3000000.0,1000000.0,2019-04-30T12:48:33.926000Z
572,1.12236,1.12239,4500000.0,2059999.9428,2019-04-30T12:48:34.130000Z
573,1.12237,1.12239,1000000.0,2809999.9428,2019-04-30T12:48:34.409000Z
574,1.12236,1.1224,2250000.0,6639999.8665,2019-04-30T12:48:34.511000Z
575,1.12237,1.12239,1500000.0,1000000.0,2019-04-30T12:48:34.664000Z
576,1.12236,1.1224,2250000.0,4389999.8665,2019-04-30T12:48:34.868000Z
577,1.12237,1.12238,1000000.0,1500000.0,2019-04-30T12:48:36.130000Z
578,1.12236,1.12238,1000000.0,1000000.0,2019-04-30T12:48:36.233000Z
579,1.12237,1.12238,1000000.0,1870000.0048,2019-04-30T12:48:37.491000Z
580,1.12236,1.12238,1870000.0048,1120000.0048,2019-04-30T12:48:37.644000Z
581,1.12236,1.12238,2250000.0,1370000.0048,2019-04-30T12:48:38.623000Z
582,1.1223400000000001,1.12237,1500000.0,8119999.8856,2019-04-30T12:48:38.674000Z
583,1.12233,1.12236,1870000.0048,1690000.0572,2019-04-30T12:48:38.828000Z
584,1.1223400000000001,1.12237,1000000.0,2869999.8856,2019-04-30T12:48:39.430000Z
585,1.12235,1.12237,1000000.0,3250000.0,2019-04-30T12:48:40.607000Z
586,1.1223400000000001,1.12237,1000000.0,1750000.0,2019-04-30T12:48:40.798000Z
587,1.12235,1.12237,1000000.0,4449999.8093,2019-04-30T12:48:42.361000Z
588,1.1223400000000001,1.12237,1000000.0,2200000.0477,2019-04-30T12:48:42.470000Z
589,1.12235,1.12236,1000000.0,1000000.0,2019-04-30T12:48:42.930000Z
590,1.12235,1.12238,1120000.0048,1759999.9905,2019-04-30T12:48:43.031000Z
591,1.12236,1.12238,1500000.0,1250000.0,2019-04-30T12:48:43.543000Z
592,1.12238,1.1224,1000000.0,1409999.9666,2019-04-30T12:48:43.645000Z
593,1.12237,1.1224,1250000.0,1120000.0048,2019-04-30T12:48:43.753000Z
594,1.12238,1.1224100000000001,1500000.0,6139999.8665,2019-04-30T12:48:44.010000Z
595,1.12237,1.1224100000000001,2059999.9428,4039999.9619,2019-04-30T12:48:44.113000Z
596,1.12237,1.12239,1500000.0,1250000.0,2019-04-30T12:48:45.121000Z
597,1.12236,1.12238,3000000.0,1870000.0048,2019-04-30T12:48:45.224000Z
598,1.12235,1.12238,3750000.0,1500000.0,2019-04-30T12:48:45.326000Z
599,1.12236,1.12238,1000000.0,2250000.0,2019-04-30T12:48:46.038000Z
600,1.12236,1.12239,1870000.0048,3190000.0572,2019-04-30T12:48:46.593000Z
601,1.12237,1.12239,1000000.0,3190000.0572,2019-04-30T12:48:46.695000Z
602,1.12235,1.12238,2170000.0763,1200000.0477,2019-04-30T12:48:46.798000Z
603,1.12235,1.12238,2269999.9809,1120000.0048,2019-04-30T12:48:46.899000Z
604,1.12235,1.12238,2170000.0763,1120000.0048,2019-04-30T12:48:47.103000Z
605,1.12236,1.12239,1000000.0,1809999.9428,2019-04-30T12:48:47.261000Z
606,1.12236,1.12239,2250000.0,1250000.0,2019-04-30T12:48:48.050000Z
607,1.12236,1.12238,2250000.0,1250000.0,2019-04-30T12:48:48.681000Z
608,1.12236,1.12238,1120000.0048,1000000.0,2019-04-30T12:48:48.784000Z
609,1.12236,1.1224,1870000.0048,2950000.0477,2019-04-30T12:48:48.886000Z
610,1.12237,1.1224,2319999.9332,1809999.9428,2019-04-30T12:48:51.890000Z
611,1.12239,1.1224100000000001,1500000.0,5119999.8856,2019-04-30T12:48:51.992000Z
612,1.12238,1.1224100000000001,1120000.0048,2440000.0572,2019-04-30T12:48:52.094000Z
613,1.12239,1.1224100000000001,1000000.0,3940000.0572,2019-04-30T12:48:52.401000Z
614,1.12238,1.1224100000000001,1120000.0048,1690000.0572,2019-04-30T12:48:52.690000Z
615,1.12239,1.1224100000000001,1000000.0,2440000.0572,2019-04-30T12:48:52.924000Z
616,1.12238,1.1224100000000001,1120000.0048,1690000.0572,2019-04-30T12:48:53.101000Z
617,1.12239,1.1224100000000001,1000000.0,1250000.0,2019-04-30T12:48:53.403000Z
618,1.12238,1.1224100000000001,1120000.0048,1250000.0,2019-04-30T12:48:53.505000Z
619,1.12239,1.1224100000000001,1000000.0,2440000.0572,2019-04-30T12:48:54.712000Z
620,1.12238,1.1224100000000001,1000000.0,1690000.0572,2019-04-30T12:48:54.814000Z
621,1.1224,1.1224100000000001,1000000.0,1870000.0048,2019-04-30T12:48:55.455000Z
622,1.12238,1.1224100000000001,5510000.2289,1000000.0,2019-04-30T12:48:55.506000Z
623,1.12239,1.1224100000000001,2250000.0,1000000.0,2019-04-30T12:48:55.648000Z
624,1.12238,1.1224,1000000.0,1250000.0,2019-04-30T12:48:56.005000Z
625,1.12236,1.1224,7949999.8093,3619999.8856,2019-04-30T12:48:56.479000Z
626,1.12236,1.1224,4500000.0,4119999.8856,2019-04-30T12:48:57.031000Z
627,1.12235,1.12237,4949999.8093,1000000.0,2019-04-30T12:48:57.134000Z
628,1.12236,1.12237,1000000.0,1500000.0,2019-04-30T12:48:57.236000Z
629,1.12235,1.12237,1500000.0,1000000.0,2019-04-30T12:48:57.440000Z
630,1.12236,1.12237,1000000.0,1500000.0,2019-04-30T12:48:57.544000Z
631,1.12235,1.12237,2250000.0,1000000.0,2019-04-30T12:48:58.004000Z
632,1.12233,1.12235,9260000.2289,1250000.0,2019-04-30T12:48:59.085000Z
633,1.1223400000000001,1.12236,1500000.0,1750000.0,2019-04-30T12:48:59.755000Z
634,1.12233,1.12236,3099999.9046,1250000.0,2019-04-30T12:49:02.493000Z
635,1.12233,1.12236,7619999.8856,1000000.0,2019-04-30T12:49:02.748000Z
636,1.1223400000000001,1.12236,4659999.8474,1000000.0,2019-04-30T12:49:02.850000Z
637,1.12235,1.12237,1669999.9571,1870000.0048,2019-04-30T12:49:03.570000Z
638,1.12235,1.12236,1610000.0143,1000000.0,2019-04-30T12:49:04.009000Z
639,1.12235,1.12237,1299999.9523,1500000.0,2019-04-30T12:49:04.982000Z
640,1.12235,1.12237,1690000.0572,1000000.0,2019-04-30T12:49:05.136000Z
641,1.12235,1.12238,3190000.0572,2940000.0572,2019-04-30T12:49:06.373000Z
642,1.12235,1.12237,4000000.0,2059999.9428,2019-04-30T12:49:08.576000Z
643,1.12235,1.12237,3940000.0572,1120000.0048,2019-04-30T12:49:08.683000Z
644,1.12235,1.12236,1000000.0,1250000.0,2019-04-30T12:49:09.774000Z
645,1.1223400000000001,1.12237,1000000.0,2869999.8856,2019-04-30T12:49:09.877000Z
646,1.12235,1.12237,1000000.0,2500000.0,2019-04-30T12:49:10.183000Z
647,1.12235,1.12237,1399999.9762,3000000.0,2019-04-30T12:49:10.339000Z
648,1.12235,1.12237,1500000.0,1500000.0,2019-04-30T12:49:10.545000Z
649,1.12235,1.12237,2500000.0,3190000.0572,2019-04-30T12:49:13.033000Z
650,1.12235,1.12237,3190000.0572,2250000.0,2019-04-30T12:49:13.803000Z
651,1.12235,1.12237,2500000.0,3190000.0572,2019-04-30T12:49:14.722000Z
652,1.12235,1.12237,3190000.0572,2250000.0,2019-04-30T12:49:16.394000Z
653,1.12235,1.12239,1690000.0572,8810000.4196,2019-04-30T12:49:21.585000Z
654,1.12235,1.12238,2500000.0,1500000.0,2019-04-30T12:49:21.688000Z
655,1.12235,1.12238,1690000.0572,2809999.9428,2019-04-30T12:49:24.143000Z
656,1.12235,1.12237,2440000.0572,1000000.0,2019-04-30T12:49:24.397000Z
657,1.12235,1.12238,1250000.0,6000000.0,2019-04-30T12:49:24.499000Z
658,1.12236,1.12238,1000000.0,6000000.0,2019-04-30T12:49:24.626000Z
659,1.12236,1.12237,1000000.0,1000000.0,2019-04-30T12:49:24.993000Z
660,1.12236,1.12238,1000000.0,7500000.0,2019-04-30T12:49:25.098000Z
661,1.12236,1.12237,1000000.0,1000000.0,2019-04-30T12:49:26.208000Z
662,1.12235,1.12238,1690000.0572,1309999.9428,2019-04-30T12:49:27.102000Z
663,1.12236,1.12238,1500000.0,1000000.0,2019-04-30T12:49:27.307000Z
664,1.12235,1.12239,2059999.9428,6969999.7902,2019-04-30T12:49:27.513000Z
665,1.12236,1.12239,1000000.0,5559999.9428,2019-04-30T12:49:27.617000Z
666,1.12237,1.12238,1000000.0,2619999.8856,2019-04-30T12:49:27.802000Z
667,1.12236,1.12239,1500000.0,5190000.0572,2019-04-30T12:49:27.904000Z
668,1.12235,1.12236,2250000.0,5440000.0572,2019-04-30T12:49:28.169000Z
669,1.12235,1.12238,1500000.0,3559999.9428,2019-04-30T12:49:28.272000Z
670,1.12235,1.12237,1500000.0,1000000.0,2019-04-30T12:49:28.428000Z
671,1.12235,1.12238,1000000.0,4119999.8856,2019-04-30T12:49:28.530000Z
672,1.12235,1.12239,1870000.0048,6559999.9428,2019-04-30T12:49:29.425000Z
673,1.12236,1.12239,1000000.0,4690000.0572,2019-04-30T12:49:29.527000Z
674,1.12237,1.12239,1500000.0,1870000.0048,2019-04-30T12:49:29.630000Z
675,1.12239,1.1224,1000000.0,1000000.0,2019-04-30T12:49:29.681000Z
676,1.1224,1.1224100000000001,3190000.0572,2250000.0,2019-04-30T12:49:29.733000Z
677,1.12239,1.12243,5719999.7902,7250000.0,2019-04-30T12:49:29.872000Z
678,1.12238,1.1224200000000002,6989999.7711,3500000.0,2019-04-30T12:49:29.974000Z
679,1.12238,1.1224200000000002,3039999.9619,3750000.0,2019-04-30T12:49:30.178000Z
680,1.12238,1.1224100000000001,3039999.9619,1500000.0,2019-04-30T12:49:30.280000Z
681,1.12239,1.1224100000000001,1000000.0,2250000.0,2019-04-30T12:49:31.101000Z
682,1.12238,1.1224100000000001,4159999.8474,1000000.0,2019-04-30T12:49:31.204000Z
683,1.12239,1.1224100000000001,1000000.0,2250000.0,2019-04-30T12:49:31.802000Z
684,1.12238,1.1224100000000001,4719999.7902,3000000.0,2019-04-30T12:49:32.140000Z
685,1.12239,1.1224,1000000.0,2250000.0,2019-04-30T12:49:32.755000Z
686,1.12236,1.1224,5949999.8093,1000000.0,2019-04-30T12:49:32.857000Z
687,1.12238,1.12239,1000000.0,1000000.0,2019-04-30T12:49:33.024000Z
688,1.12238,1.1224,1000000.0,2250000.0,2019-04-30T12:49:33.126000Z
689,1.12238,1.1224,1000000.0,3190000.0572,2019-04-30T12:49:33.228000Z
690,1.12236,1.12239,2210000.0381,1000000.0,2019-04-30T12:49:33.279000Z
691,1.12236,1.1224,2210000.0381,1000000.0,2019-04-30T12:49:33.381000Z
692,1.12237,1.1224,1000000.0,3750000.0,2019-04-30T12:49:36.362000Z
693,1.12236,1.1224,2210000.0381,1500000.0,2019-04-30T12:49:37.224000Z
694,1.12237,1.12239,1000000.0,1000000.0,2019-04-30T12:49:37.478000Z
695,1.12236,1.12239,2619999.8856,1000000.0,2019-04-30T12:49:37.579000Z
696,1.12237,1.12239,1000000.0,2250000.0,2019-04-30T12:49:37.681000Z
697,1.12236,1.12239,2619999.8856,1500000.0,2019-04-30T12:49:37.801000Z
698,1.12237,1.12239,1000000.0,1870000.0048,2019-04-30T12:49:39.074000Z
699,1.12236,1.1224,3750000.0,6760000.2289,2019-04-30T12:49:39.176000Z
700,1.12237,1.12239,1000000.0,1870000.0048,2019-04-30T12:49:39.279000Z
701,1.12236,1.1224,3750000.0,9010000.2289,2019-04-30T12:49:39.381000Z
702,1.12237,1.12239,1000000.0,1870000.0048,2019-04-30T12:49:40.259000Z
703,1.12236,1.1224,2250000.0,6010000.2289,2019-04-30T12:49:40.525000Z
704,1.12237,1.12239,1000000.0,1870000.0048,2019-04-30T12:49:41.570000Z
705,1.12236,1.1224,2250000.0,7889999.8665,2019-04-30T12:49:41.770000Z
706,1.12237,1.12239,1000000.0,1120000.0048,2019-04-30T12:49:45.239000Z
707,1.12236,1.1224,2619999.8856,6909999.8474,2019-04-30T12:49:46.037000Z
708,1.12237,1.12239,1000000.0,1500000.0,2019-04-30T12:49:46.247000Z
709,1.12236,1.12238,1500000.0,1000000.0,2019-04-30T12:49:46.349000Z
710,1.1223400000000001,1.12237,1690000.0572,1000000.0,2019-04-30T12:49:46.452000Z
711,1.1223400000000001,1.12238,1000000.0,2440000.0572,2019-04-30T12:49:46.554000Z
712,1.1223400000000001,1.12237,1500000.0,1000000.0,2019-04-30T12:49:46.997000Z
713,1.1223400000000001,1.12238,1870000.0048,3190000.0572,2019-04-30T12:49:47.099000Z
714,1.12235,1.12238,1000000.0,4309999.9428,2019-04-30T12:49:47.201000Z
715,1.12235,1.12237,1500000.0,1500000.0,2019-04-30T12:49:47.350000Z
716,1.12235,1.12238,1000000.0,3559999.9428,2019-04-30T12:49:47.780000Z
717,1.12235,1.12237,1500000.0,1500000.0,2019-04-30T12:49:47.882000Z
718,1.12235,1.12238,1000000.0,5440000.0572,2019-04-30T12:49:47.983000Z
719,1.12235,1.12237,1000000.0,1000000.0,2019-04-30T12:49:48.085000Z
720,1.12235,1.12237,1000000.0,4750000.0,2019-04-30T12:49:48.226000Z
721,1.1223400000000001,1.12237,1000000.0,1250000.0,2019-04-30T12:49:48.341000Z
722,1.12235,1.12237,1000000.0,3250000.0,2019-04-30T12:49:48.444000Z
723,1.1223400000000001,1.12237,1000000.0,3099999.9046,2019-04-30T12:49:49.602000Z
724,1.12233,1.12236,1000000.0,1000000.0,2019-04-30T12:49:51.130000Z
725,1.1223400000000001,1.12235,1000000.0,1000000.0,2019-04-30T12:49:51.966000Z
726,1.1223200000000002,1.12236,1570000.0525,5059999.9428,2019-04-30T12:49:52.205000Z
727,1.1223200000000002,1.12235,1570000.0525,1000000.0,2019-04-30T12:49:52.537000Z
728,1.1223100000000001,1.12236,9409999.8474,5210000.0381,2019-04-30T12:49:53.716000Z
729,1.1223200000000002,1.12235,2700000.0477,2000000.0,2019-04-30T12:49:54.529000Z
730,1.1223200000000002,1.12236,1600000.0238,3940000.0572,2019-04-30T12:49:56.794000Z
731,1.1223200000000002,1.12236,5820000.1717,1690000.0572,2019-04-30T12:49:57.049000Z
732,1.1223200000000002,1.12236,6070000.1717,1250000.0,2019-04-30T12:49:57.384000Z
733,1.1223200000000002,1.12235,2319999.9332,1500000.0,2019-04-30T12:49:57.638000Z
734,1.1223100000000001,1.12233,4809999.9428,1000000.0,2019-04-30T12:49:57.791000Z
735,1.1223100000000001,1.12235,4889999.8665,3750000.0,2019-04-30T12:49:57.938000Z
736,1.1223200000000002,1.12235,2750000.0,6119999.8856,2019-04-30T12:49:59.862000Z
737,1.1223100000000001,1.12235,2809999.9428,3119999.8856,2019-04-30T12:50:00.034000Z
738,1.1223200000000002,1.1223400000000001,1000000.0,1120000.0048,2019-04-30T12:50:01.889000Z
739,1.1223100000000001,1.12235,4809999.9428,3000000.0,2019-04-30T12:50:02.159000Z
740,1.1223100000000001,1.12235,4010000.2289,3220000.0286,2019-04-30T12:50:02.697000Z
741,1.1223100000000001,1.12235,1690000.0572,4849999.9046,2019-04-30T12:50:02.799000Z
742,1.1223100000000001,1.12235,1250000.0,4349999.9046,2019-04-30T12:50:03.710000Z
743,1.1223100000000001,1.1223400000000001,1750000.0,1000000.0,2019-04-30T12:50:04.358000Z
744,1.1223400000000001,1.12235,1000000.0,2250000.0,2019-04-30T12:50:07.302000Z
745,1.12235,1.12237,1000000.0,8619999.8856,2019-04-30T12:50:07.413000Z
746,1.12235,1.12238,1000000.0,8409999.8474,2019-04-30T12:50:07.516000Z
747,1.1223400000000001,1.12237,1500000.0,1120000.0048,2019-04-30T12:50:07.618000Z
748,1.12235,1.12237,1000000.0,2619999.8856,2019-04-30T12:50:07.821000Z
749,1.12233,1.12236,5909999.8474,1200000.0477,2019-04-30T12:50:07.923000Z
750,1.1223200000000002,1.12235,3009999.9905,1000000.0,2019-04-30T12:50:08.517000Z
751,1.1223200000000002,1.12235,2509999.9905,1000000.0,2019-04-30T12:50:08.779000Z
752,1.1223100000000001,1.12235,9109999.6567,1000000.0,2019-04-30T12:50:09.495000Z
753,1.1223200000000002,1.12235,1500000.0,1500000.0,2019-04-30T12:50:10.819000Z
754,1.1223100000000001,1.12235,12859999.6567,1000000.0,2019-04-30T12:50:11.048000Z
755,1.1223200000000002,1.12235,1500000.0,3000000.0,2019-04-30T12:50:11.906000Z
756,1.12233,1.12235,1000000.0,1250000.0,2019-04-30T12:50:12.197000Z
757,1.1223200000000002,1.12235,2059999.9428,1690000.0572,2019-04-30T12:50:12.299000Z
758,1.12233,1.12235,1000000.0,1250000.0,2019-04-30T12:50:12.410000Z
759,1.1223200000000002,1.12235,2059999.9428,1690000.0572,2019-04-30T12:50:12.562000Z
760,1.12233,1.12235,1000000.0,1690000.0572,2019-04-30T12:50:12.664000Z
761,1.1223100000000001,1.12235,11359999.6567,1500000.0,2019-04-30T12:50:12.964000Z
762,1.1223200000000002,1.1223400000000001,1000000.0,1000000.0,2019-04-30T12:50:14.113000Z
763,1.1223100000000001,1.12235,9489999.7711,3750000.0,2019-04-30T12:50:14.299000Z
764,1.1223200000000002,1.12233,1000000.0,1500000.0,2019-04-30T12:50:14.451000Z
765,1.1223100000000001,1.12235,2440000.0572,11810000.4196,2019-04-30T12:50:14.503000Z
766,1.1223200000000002,1.1223400000000001,1000000.0,1500000.0,2019-04-30T12:50:14.828000Z
767,1.1223100000000001,1.12235,2440000.0572,8250000.0,2019-04-30T12:50:14.932000Z
768,1.1223100000000001,1.1223400000000001,3190000.0572,1000000.0,2019-04-30T12:50:15.085000Z
769,1.1223200000000002,1.1223400000000001,1000000.0,2250000.0,2019-04-30T12:50:15.237000Z
770,1.1223100000000001,1.1223400000000001,3190000.0572,1000000.0,2019-04-30T12:50:15.339000Z
771,1.1223100000000001,1.12235,2059999.9428,6750000.0,2019-04-30T12:50:15.441000Z
772,1.1223200000000002,1.1223400000000001,1000000.0,1500000.0,2019-04-30T12:50:16.381000Z
773,1.1223100000000001,1.12235,4309999.9428,8250000.0,2019-04-30T12:50:17.428000Z
774,1.1223200000000002,1.1223400000000001,1000000.0,1500000.0,2019-04-30T12:50:17.581000Z
775,1.1223100000000001,1.12235,2059999.9428,6000000.0,2019-04-30T12:50:17.683000Z
776,1.1223200000000002,1.1223400000000001,1000000.0,1000000.0,2019-04-30T12:50:18.275000Z
777,1.1223200000000002,1.12235,1200000.0477,1870000.0048,2019-04-30T12:50:18.407000Z
778,1.1223200000000002,1.1223400000000001,1000000.0,1000000.0,2019-04-30T12:50:19.249000Z
779,1.12233,1.1223400000000001,1000000.0,2250000.0,2019-04-30T12:50:19.352000Z
780,1.1223100000000001,1.12235,6260000.2289,3369999.8856,2019-04-30T12:50:19.404000Z
781,1.1223200000000002,1.12235,3970000.0286,1500000.0,2019-04-30T12:50:19.507000Z
782,1.12233,1.12235,1000000.0,1000000.0,2019-04-30T12:50:21.360000Z
783,1.1223200000000002,1.12236,3599999.9046,5739999.7711,2019-04-30T12:50:21.487000Z
784,1.1223200000000002,1.12235,4349999.9046,1000000.0,2019-04-30T12:50:21.590000Z
785,1.12233,1.12236,1000000.0,1759999.9905,2019-04-30T12:50:22.380000Z
786,1.1223400000000001,1.12236,1000000.0,1789999.9619,2019-04-30T12:50:22.482000Z
787,1.12233,1.12236,1500000.0,1789999.9619,2019-04-30T12:50:22.585000Z
788,1.1223400000000001,1.12236,1000000.0,4010000.2289,2019-04-30T12:50:22.687000Z
789,1.12233,1.12236,2099999.9046,1759999.9905,2019-04-30T12:50:22.790000Z
790,1.1223200000000002,1.12236,6070000.1717,5510000.2289,2019-04-30T12:50:22.893000Z
791,1.1223200000000002,1.12235,3819999.9332,2619999.8856,2019-04-30T12:50:22.997000Z
792,1.12233,1.12235,1000000.0,1120000.0048,2019-04-30T12:50:23.586000Z
793,1.1223200000000002,1.12235,1950000.0477,1120000.0048,2019-04-30T12:50:23.687000Z
794,1.12229,1.1223,2250000.0,1120000.0048,2019-04-30T12:50:23.828000Z
795,1.12228,1.1223,1200000.0477,2059999.9428,2019-04-30T12:50:23.880000Z
796,1.12228,1.12229,1000000.0,1870000.0048,2019-04-30T12:50:23.984000Z
797,1.12227,1.12229,1870000.0048,1000000.0,2019-04-30T12:50:24.087000Z
798,1.12226,1.1223,4690000.0572,1120000.0048,2019-04-30T12:50:24.190000Z
799,1.12227,1.12229,1000000.0,1000000.0,2019-04-30T12:50:24.336000Z
800,1.12226,1.1223,7440000.0572,2250000.0,2019-04-30T12:50:24.490000Z
801,1.12226,1.1223,7119999.8856,2059999.9428,2019-04-30T12:50:24.797000Z
802,1.12227,1.1223,4469999.7902,3069999.9332,2019-04-30T12:50:24.951000Z
803,1.12227,1.1223,1120000.0048,1500000.0,2019-04-30T12:50:25.053000Z
804,1.12228,1.1223,1000000.0,4500000.0,2019-04-30T12:50:25.259000Z
805,1.12227,1.1223,4119999.8856,2250000.0,2019-04-30T12:50:25.363000Z
806,1.12229,1.1223,2250000.0,1100000.0238,2019-04-30T12:50:26.572000Z
807,1.12227,1.12229,1870000.0048,1000000.0,2019-04-30T12:50:26.623000Z
808,1.12227,1.1223,2619999.8856,4199999.8093,2019-04-30T12:50:26.725000Z
809,1.12227,1.12229,1120000.0048,1000000.0,2019-04-30T12:50:27.200000Z
810,1.12227,1.12229,1870000.0048,1000000.0,2019-04-30T12:50:27.302000Z
811,1.12227,1.12229,1120000.0048,1000000.0,2019-04-30T12:50:27.404000Z
812,1.12227,1.1223,1120000.0048,4570000.1717,2019-04-30T12:50:27.518000Z
813,1.12227,1.12229,1500000.0,1000000.0,2019-04-30T12:50:27.620000Z
814,1.12227,1.1223,1000000.0,4199999.8093,2019-04-30T12:50:27.731000Z
815,1.12226,1.1223,7690000.0572,3450000.0477,2019-04-30T12:50:27.833000Z
816,1.12227,1.1223,1000000.0,4199999.8093,2019-04-30T12:50:28.450000Z
817,1.12226,1.1223,8439999.5804,1870000.0048,2019-04-30T12:50:28.977000Z
818,1.12227,1.12229,1500000.0,1000000.0,2019-04-30T12:50:29.079000Z
819,1.12226,1.1223,8439999.5804,2349999.9046,2019-04-30T12:50:29.234000Z
820,1.12227,1.12229,1500000.0,1000000.0,2019-04-30T12:50:30.189000Z
821,1.12228,1.1223100000000001,2000000.0,5250000.0,2019-04-30T12:50:30.291000Z
822,1.12228,1.1223100000000001,5440000.0572,3000000.0,2019-04-30T12:50:30.434000Z
823,1.12229,1.1223100000000001,1000000.0,2440000.0572,2019-04-30T12:50:30.688000Z
824,1.12228,1.1223100000000001,3940000.0572,1250000.0,2019-04-30T12:50:30.887000Z
825,1.12227,1.12228,3750000.0,1000000.0,2019-04-30T12:50:31.142000Z
826,1.12225,1.12227,4500000.0,1870000.0048,2019-04-30T12:50:31.261000Z
827,1.12226,1.12227,1000000.0,1000000.0,2019-04-30T12:50:31.363000Z
828,1.12225,1.12228,3940000.0572,1000000.0,2019-04-30T12:50:31.465000Z
829,1.12226,1.12228,2250000.0,1120000.0048,2019-04-30T12:50:31.721000Z
830,1.12226,1.12229,2250000.0,8920000.0763,2019-04-30T12:50:31.987000Z
831,1.12225,1.12229,5440000.0572,5170000.0763,2019-04-30T12:50:32.088000Z
832,1.12226,1.12228,1000000.0,1000000.0,2019-04-30T12:50:32.301000Z
833,1.12225,1.12229,9560000.4196,1570000.0525,2019-04-30T12:50:32.403000Z
834,1.12227,1.12229,1000000.0,1120000.0048,2019-04-30T12:50:32.536000Z
835,1.12226,1.12229,3190000.0572,1120000.0048,2019-04-30T12:50:32.638000Z
836,1.12225,1.12229,11119999.8856,1620000.0048,2019-04-30T12:50:33.035000Z
837,1.12225,1.12228,12560000.4196,1120000.0048,2019-04-30T12:50:33.137000Z
838,1.12226,1.12229,2250000.0,1500000.0,2019-04-30T12:50:33.239000Z
839,1.12225,1.1223,8060000.4196,10890000.3433,2019-04-30T12:50:33.341000Z
840,1.12226,1.12229,2250000.0,1500000.0,2019-04-30T12:50:33.443000Z
841,1.12225,1.12227,3369999.8856,1500000.0,2019-04-30T12:50:33.752000Z
842,1.12225,1.12226,1500000.0,3369999.8856,2019-04-30T12:50:33.905000Z
843,1.1222200000000002,1.12226,4440000.0572,1000000.0,2019-04-30T12:50:33.956000Z
844,1.1222400000000001,1.12226,1000000.0,3000000.0,2019-04-30T12:50:34.058000Z
845,1.1222200000000002,1.12225,1309999.9428,1870000.0048,2019-04-30T12:50:34.193000Z
846,1.1222100000000002,1.1222400000000001,9310000.4196,1120000.0048,2019-04-30T12:50:34.399000Z
847,1.1222200000000002,1.12226,1120000.0048,6940000.0572,2019-04-30T12:50:36.277000Z
848,1.12223,1.12225,1000000.0,1000000.0,2019-04-30T12:50:36.379000Z
849,1.1222400000000001,1.12225,1000000.0,1000000.0,2019-04-30T12:50:36.595000Z
850,1.1222200000000002,1.12226,7719999.7902,2700000.0477,2019-04-30T12:50:36.698000Z
851,1.12226,1.12228,2099999.9046,12560000.4196,2019-04-30T12:50:36.749000Z
852,1.12227,1.12229,1000000.0,1500000.0,2019-04-30T12:50:36.851000Z
853,1.12227,1.12228,1500000.0,1000000.0,2019-04-30T12:50:36.953000Z
854,1.12227,1.1223,1000000.0,1870000.0048,2019-04-30T12:50:37.004000Z
855,1.12226,1.1223,3190000.0572,2349999.9046,2019-04-30T12:50:37.106000Z
856,1.12227,1.12229,1000000.0,1100000.0238,2019-04-30T12:50:37.210000Z
857,1.12227,1.1223,1000000.0,2619999.8856,2019-04-30T12:50:37.414000Z
858,1.12227,1.12229,1000000.0,1000000.0,2019-04-30T12:50:37.515000Z
859,1.12226,1.1223,3190000.0572,1120000.0048,2019-04-30T12:50:37.668000Z
860,1.12226,1.12229,3190000.0572,1000000.0,2019-04-30T12:50:38.284000Z
861,1.12227,1.12229,1000000.0,1500000.0,2019-04-30T12:50:38.473000Z
862,1.12226,1.1223,2289999.9619,3599999.9046,2019-04-30T12:50:38.575000Z
863,1.12226,1.1223,2289999.9619,4199999.8093,2019-04-30T12:50:38.875000Z
864,1.12225,1.12228,13500000.0,1000000.0,2019-04-30T12:50:40.634000Z
865,1.1222400000000001,1.12227,5659999.8474,1500000.0,2019-04-30T12:50:40.736000Z
866,1.1222400000000001,1.12227,2140000.1049,1950000.0477,2019-04-30T12:50:40.838000Z
867,1.12225,1.12228,6190000.0572,1200000.0477,2019-04-30T12:50:41.013000Z
868,1.12227,1.12229,1000000.0,1570000.0525,2019-04-30T12:50:41.065000Z
869,1.12226,1.12229,4159999.8474,1000000.0,2019-04-30T12:50:41.167000Z
870,1.12227,1.12229,1000000.0,1950000.0477,2019-04-30T12:50:41.642000Z
871,1.12226,1.12229,5659999.8474,1200000.0477,2019-04-30T12:50:41.744000Z
872,1.12226,1.12229,2869999.8856,1000000.0,2019-04-30T12:50:41.846000Z
873,1.12226,1.12229,3559999.9428,1000000.0,2019-04-30T12:50:41.949000Z
874,1.12226,1.12229,6619999.8856,1500000.0,2019-04-30T12:50:42.050000Z
875,1.12226,1.12229,5809999.9428,3000000.0,2019-04-30T12:50:42.152000Z
876,1.12226,1.12229,6000000.0,2250000.0,2019-04-30T12:50:44.028000Z
877,1.12228,1.1223100000000001,1500000.0,5320000.1717,2019-04-30T12:50:44.130000Z
878,1.12228,1.1223100000000001,1000000.0,6659999.8474,2019-04-30T12:50:44.232000Z
879,1.12228,1.1223100000000001,1750000.0,4719999.7902,2019-04-30T12:50:44.335000Z
880,1.12228,1.1223100000000001,1750000.0,8699999.8093,2019-04-30T12:50:44.437000Z
881,1.12228,1.1223100000000001,1750000.0,8850000.3815,2019-04-30T12:50:44.539000Z
882,1.12226,1.1223,9159999.8474,1200000.0477,2019-04-30T12:50:44.683000Z
883,1.12226,1.1223,7159999.8474,1950000.0477,2019-04-30T12:50:44.786000Z
884,1.12227,1.12229,1500000.0,1000000.0,2019-04-30T12:50:44.888000Z
885,1.12226,1.1223,7159999.8474,1950000.0477,2019-04-30T12:50:45.111000Z
886,1.12227,1.12229,1000000.0,1000000.0,2019-04-30T12:50:45.214000Z
887,1.12226,1.1223,5809999.9428,1950000.0477,2019-04-30T12:50:45.316000Z
888,1.12227,1.1223,1000000.0,3819999.9332,2019-04-30T12:50:46.202000Z
889,1.12226,1.1223,5809999.9428,2700000.0477,2019-04-30T12:50:46.844000Z
890,1.12226,1.12229,8810000.4196,1000000.0,2019-04-30T12:50:47.448000Z
891,1.12226,1.1223,5809999.9428,4949999.8093,2019-04-30T12:50:47.550000Z
892,1.12227,1.1223,1000000.0,6070000.1717,2019-04-30T12:50:47.899000Z
893,1.12226,1.1223,5809999.9428,3450000.0477,2019-04-30T12:50:48.253000Z
894,1.12227,1.1223,1000000.0,3069999.9332,2019-04-30T12:50:48.673000Z
895,1.12227,1.1223,2750000.0,6070000.1717,2019-04-30T12:50:48.783000Z
896,1.12229,1.1223100000000001,2250000.0,6070000.1717,2019-04-30T12:50:48.937000Z
897,1.1223100000000001,1.12233,1000000.0,1570000.0525,2019-04-30T12:50:49.039000Z
898,1.1223100000000001,1.1223400000000001,2250000.0,3450000.0477,2019-04-30T12:50:49.175000Z
899,1.1223100000000001,1.12235,2440000.0572,11699999.8093,2019-04-30T12:50:49.380000Z
900,1.1223100000000001,1.12235,6789999.9619,5699999.8093,2019-04-30T12:50:49.484000Z
901,1.12233,1.12236,1000000.0,6599999.9046,2019-04-30T12:50:49.586000Z
902,1.12233,1.12235,2619999.8856,1700000.0477,2019-04-30T12:50:49.844000Z
903,1.1223200000000002,1.12235,8289999.9619,4500000.0,2019-04-30T12:50:49.946000Z
904,1.1223,1.12233,3750000.0,2619999.8856,2019-04-30T12:50:50.050000Z
905,1.12229,1.1223200000000002,2809999.9428,2250000.0,2019-04-30T12:50:50.220000Z
906,1.1223,1.1223200000000002,1000000.0,1500000.0,2019-04-30T12:50:50.322000Z
907,1.1223100000000001,1.12233,1690000.0572,2720000.0286,2019-04-30T12:50:50.425000Z
908,1.1223100000000001,1.1223400000000001,1250000.0,2890000.1049,2019-04-30T12:50:50.476000Z
909,1.1223100000000001,1.12233,2440000.0572,1500000.0,2019-04-30T12:50:50.680000Z
910,1.1223100000000001,1.1223400000000001,3940000.0572,4010000.2289,2019-04-30T12:50:50.878000Z
911,1.1223100000000001,1.12233,5440000.0572,1000000.0,2019-04-30T12:50:50.980000Z
912,1.1223100000000001,1.1223400000000001,3940000.0572,2509999.9905,2019-04-30T12:50:51.130000Z
913,1.1223100000000001,1.12233,5440000.0572,1000000.0,2019-04-30T12:50:51.320000Z
914,1.1223100000000001,1.1223400000000001,1690000.0572,2140000.1049,2019-04-30T12:50:51.661000Z
915,1.1223100000000001,1.12233,1000000.0,1000000.0,2019-04-30T12:50:52.051000Z
916,1.1223100000000001,1.1223400000000001,1250000.0,1570000.0525,2019-04-30T12:50:53.360000Z
917,1.1223100000000001,1.12235,2059999.9428,5320000.1717,2019-04-30T12:50:55.043000Z
918,1.1223100000000001,1.12235,9250000.0,1500000.0,2019-04-30T12:50:55.145000Z
919,1.1223100000000001,1.1223400000000001,5809999.9428,1000000.0,2019-04-30T12:50:55.298000Z
920,1.1223100000000001,1.12235,2809999.9428,1870000.0048,2019-04-30T12:50:55.450000Z
921,1.1223200000000002,1.1223400000000001,1690000.0572,1000000.0,2019-04-30T12:50:56.160000Z
922,1.1223100000000001,1.12235,4000000.0,2059999.9428,2019-04-30T12:50:56.275000Z
923,1.1223100000000001,1.1223400000000001,5869999.8856,1000000.0,2019-04-30T12:50:56.377000Z
924,1.1223100000000001,1.12233,3369999.8856,1919999.9571,2019-04-30T12:50:56.428000Z
925,1.1223,1.12233,2440000.0572,1500000.0,2019-04-30T12:50:56.581000Z
926,1.1223100000000001,1.12233,2250000.0,1000000.0,2019-04-30T12:50:56.684000Z
927,1.1223,1.12233,4119999.8856,3000000.0,2019-04-30T12:50:56.786000Z
928,1.12229,1.1223,4309999.9428,1379999.9952,2019-04-30T12:50:56.894000Z
929,1.12227,1.1223100000000001,1250000.0,4619999.8856,2019-04-30T12:50:57.048000Z
930,1.12226,1.1223,3940000.0572,2619999.8856,2019-04-30T12:50:57.202000Z
931,1.12227,1.1223,1000000.0,7500000.0,2019-04-30T12:50:57.978000Z
932,1.12226,1.1223,4690000.0572,3000000.0,2019-04-30T12:50:58.080000Z
933,1.12227,1.12229,1000000.0,1000000.0,2019-04-30T12:50:59.991000Z
934,1.12226,1.1223,7159999.8474,4349999.9046,2019-04-30T12:51:00.093000Z
935,1.12227,1.1223,1000000.0,4909999.8474,2019-04-30T12:51:00.503000Z
936,1.12226,1.1223,6969999.7902,4539999.9619,2019-04-30T12:51:00.941000Z
937,1.12227,1.1223,3190000.0572,4559999.9428,2019-04-30T12:51:01.093000Z
938,1.12227,1.1223100000000001,1690000.0572,6000000.0,2019-04-30T12:51:01.196000Z
939,1.1223,1.1223100000000001,2250000.0,1690000.0572,2019-04-30T12:51:01.663000Z
940,1.1223,1.12233,1500000.0,1500000.0,2019-04-30T12:51:01.715000Z
941,1.1223,1.1223400000000001,3750000.0,4440000.0572,2019-04-30T12:51:01.817000Z
942,1.1223100000000001,1.1223400000000001,1500000.0,12630000.1144,2019-04-30T12:51:01.921000Z
943,1.1223,1.1223400000000001,1870000.0048,8880000.1144,2019-04-30T12:51:02.023000Z
944,1.1223,1.1223400000000001,1940000.0572,11130000.1144,2019-04-30T12:51:02.169000Z
945,1.1223,1.1223400000000001,1870000.0048,8880000.1144,2019-04-30T12:51:02.271000Z
946,1.1223,1.12233,2440000.0572,2059999.9428,2019-04-30T12:51:02.474000Z
947,1.12229,1.12233,1000000.0,20850000.3815,2019-04-30T12:51:02.577000Z
948,1.12227,1.12233,2700000.0477,21100000.3815,2019-04-30T12:51:02.628000Z
949,1.12227,1.1223100000000001,1000000.0,5440000.0572,2019-04-30T12:51:02.793000Z
950,1.12226,1.1223,3970000.0286,2660000.0858,2019-04-30T12:51:03.219000Z
951,1.12227,1.1223,1000000.0,7159999.8474,2019-04-30T12:51:04.326000Z
952,1.12226,1.1223,3970000.0286,2660000.0858,2019-04-30T12:51:04.428000Z
953,1.12227,1.12229,1000000.0,1000000.0,2019-04-30T12:51:04.905000Z
954,1.12227,1.1223,1000000.0,3220000.0286,2019-04-30T12:51:05.484000Z
955,1.12228,1.1223,1000000.0,2369999.8856,2019-04-30T12:51:06.809000Z
956,1.12227,1.1223100000000001,5849999.9046,7349999.9046,2019-04-30T12:51:06.861000Z
957,1.1223,1.1223200000000002,1120000.0048,1200000.0477,2019-04-30T12:51:06.963000Z
958,1.1223,1.1223400000000001,8119999.8856,4809999.9428,2019-04-30T12:51:07.074000Z
959,1.1223,1.1223400000000001,13750000.0,2440000.0572,2019-04-30T12:51:07.408000Z
960,1.1223100000000001,1.1223200000000002,3940000.0572,1000000.0,2019-04-30T12:51:07.841000Z
961,1.1223200000000002,1.1223400000000001,1000000.0,3940000.0572,2019-04-30T12:51:08.064000Z
962,1.1223100000000001,1.1223400000000001,3559999.9428,3190000.0572,2019-04-30T12:51:08.167000Z
963,1.1223100000000001,1.12233,1250000.0,2250000.0,2019-04-30T12:51:08.779000Z
964,1.12229,1.1223200000000002,1870000.0048,5500000.0,2019-04-30T12:51:08.832000Z
965,1.12228,1.1223100000000001,5059999.9428,1690000.0572,2019-04-30T12:51:08.935000Z
966,1.12227,1.1223100000000001,3619999.8856,3309999.9428,2019-04-30T12:51:09.140000Z
967,1.12229,1.1223,4690000.0572,1000000.0,2019-04-30T12:51:12.246000Z
968,1.1223200000000002,1.1223400000000001,1000000.0,1500000.0,2019-04-30T12:51:12.348000Z
969,1.1223200000000002,1.12235,2250000.0,4309999.9428,2019-04-30T12:51:12.451000Z
970,1.12233,1.12235,1000000.0,3369999.8856,2019-04-30T12:51:12.563000Z
971,1.1223200000000002,1.12235,1500000.0,1720000.0286,2019-04-30T12:51:12.666000Z
972,1.1223100000000001,1.12233,7159999.8474,1000000.0,2019-04-30T12:51:13.391000Z
973,1.12229,1.1223200000000002,4159999.8474,1000000.0,2019-04-30T12:51:14.139000Z
974,1.1223100000000001,1.12233,1000000.0,3000000.0,2019-04-30T12:51:14.458000Z
975,1.1223,1.12233,1240000.0095,3000000.0,2019-04-30T12:51:14.562000Z
976,1.1223100000000001,1.1223200000000002,1000000.0,1500000.0,2019-04-30T12:51:14.666000Z
977,1.1223,1.1223200000000002,1240000.0095,1500000.0,2019-04-30T12:51:14.769000Z
978,1.1223,1.12233,1990000.0095,3000000.0,2019-04-30T12:51:14.921000Z
979,1.1223100000000001,1.12233,1000000.0,1120000.0048,2019-04-30T12:51:15.115000Z
980,1.1223,1.12233,3369999.8856,1870000.0048,2019-04-30T12:51:16.293000Z
981,1.1223100000000001,1.12233,1500000.0,2619999.8856,2019-04-30T12:51:16.553000Z
982,1.1223,1.12233,2619999.8856,1120000.0048,2019-04-30T12:51:16.867000Z
983,1.12229,1.12233,3190000.0572,4869999.8856,2019-04-30T12:51:17.071000Z
984,1.12229,1.1223200000000002,4719999.7902,1000000.0,2019-04-30T12:51:17.479000Z
985,1.1223,1.12233,1370000.0048,3309999.9428,2019-04-30T12:51:18.289000Z
986,1.1223,1.12233,2250000.0,2369999.8856,2019-04-30T12:51:18.391000Z
987,1.1223100000000001,1.12233,1500000.0,1850000.0238,2019-04-30T12:51:19.167000Z
988,1.1223,1.12233,2809999.9428,1850000.0238,2019-04-30T12:51:19.269000Z
989,1.1223,1.12233,1690000.0572,1120000.0048,2019-04-30T12:51:20.396000Z
990,1.1223,1.1223200000000002,1500000.0,1419999.9571,2019-04-30T12:51:21.139000Z
991,1.12229,1.1223200000000002,1000000.0,1870000.0048,2019-04-30T12:51:21.241000Z
992,1.12229,1.1223100000000001,3000000.0,1000000.0,2019-04-30T12:51:21.444000Z
993,1.12228,1.1223,1500000.0,1500000.0,2019-04-30T12:51:21.649000Z
994,1.12227,1.1223100000000001,5369999.8856,4690000.0572,2019-04-30T12:51:21.752000Z
995,1.12228,1.1223,2000000.0,1000000.0,2019-04-30T12:51:22.146000Z
996,1.12227,1.1223100000000001,3750000.0,7289999.9619,2019-04-30T12:51:22.299000Z
997,1.12228,1.1223,1000000.0,1870000.0048,2019-04-30T12:51:22.463000Z
998,1.12227,1.1223100000000001,3750000.0,7289999.9619,2019-04-30T12:51:22.605000Z
999,1.12227,1.1223,1500000.0,4250000.0,2019-04-30T12:51:23.133000Z
1000,1.12227,1.1223,1000000.0,1500000.0,2019-04-30T12:51:25.880000Z
1001,1.1223,1.1223100000000001,1000000.0,1000000.0,2019-04-30T12:51:25.983000Z
1002,1.1223100000000001,1.12233,2470000.0286,1000000.0,2019-04-30T12:51:26.087000Z
1003,1.1223100000000001,1.12235,2099999.9046,6489999.7711,2019-04-30T12:51:26.214000Z
1004,1.1223100000000001,1.12236,5809999.9428,2809999.9428,2019-04-30T12:51:26.570000Z
1005,1.12233,1.12236,1000000.0,2440000.0572,2019-04-30T12:51:26.621000Z
1006,1.1223400000000001,1.12236,1000000.0,1000000.0,2019-04-30T12:51:26.848000Z
1007,1.12233,1.12235,1539999.9619,1000000.0,2019-04-30T12:51:27.154000Z
1008,1.1223200000000002,1.12235,1120000.0048,6869999.8856,2019-04-30T12:51:27.256000Z
1009,1.1223100000000001,1.1223400000000001,3559999.9428,1120000.0048,2019-04-30T12:51:27.358000Z
1010,1.1223200000000002,1.1223400000000001,1000000.0,1120000.0048,2019-04-30T12:51:27.472000Z
1011,1.1223100000000001,1.12235,3559999.9428,8069999.6948,2019-04-30T12:51:27.625000Z
1012,1.1223200000000002,1.12235,1000000.0,7320000.1717,2019-04-30T12:51:28.070000Z
1013,1.1223100000000001,1.12235,2809999.9428,5070000.1717,2019-04-30T12:51:28.217000Z
1014,1.1223,1.12233,2059999.9428,2250000.0,2019-04-30T12:51:28.370000Z
1015,1.1223,1.1223400000000001,2809999.9428,2549999.9523,2019-04-30T12:51:28.472000Z
1016,1.1223,1.1223400000000001,3059999.9428,3109999.8951,2019-04-30T12:51:28.627000Z
1017,1.1223100000000001,1.1223400000000001,1370000.0048,2250000.0,2019-04-30T12:51:29.340000Z
1018,1.1223100000000001,1.1223400000000001,3940000.0572,1000000.0,2019-04-30T12:51:29.443000Z
1019,1.1223200000000002,1.1223400000000001,1000000.0,2619999.8856,2019-04-30T12:51:29.753000Z
1020,1.1223100000000001,1.1223400000000001,4500000.0,1120000.0048,2019-04-30T12:51:29.864000Z
1021,1.1223100000000001,1.12233,3000000.0,3000000.0,2019-04-30T12:51:30.248000Z
1022,1.12229,1.12233,7059999.9428,1500000.0,2019-04-30T12:51:30.351000Z
1023,1.1223,1.1223200000000002,1000000.0,1350000.0238,2019-04-30T12:51:30.674000Z
1024,1.12229,1.1223200000000002,1120000.0048,2849999.9046,2019-04-30T12:51:30.777000Z
1025,1.12229,1.1223100000000001,2619999.8856,2250000.0,2019-04-30T12:51:30.930000Z
1026,1.1223,1.1223200000000002,1000000.0,1200000.0477,2019-04-30T12:51:31.034000Z
1027,1.12229,1.1223200000000002,1309999.9428,1000000.0,2019-04-30T12:51:31.138000Z
1028,1.1223100000000001,1.1223400000000001,1500000.0,7690000.0572,2019-04-30T12:51:31.242000Z
1029,1.1223,1.12235,5250000.0,11050000.1907,2019-04-30T12:51:31.396000Z
1030,1.1223,1.12235,6190000.0572,8890000.3433,2019-04-30T12:51:31.498000Z
1031,1.1223100000000001,1.1223400000000001,3000000.0,1500000.0,2019-04-30T12:51:31.883000Z
1032,1.1223100000000001,1.1223400000000001,2250000.0,1500000.0,2019-04-30T12:51:32.312000Z
1033,1.1223,1.1223400000000001,9939999.5804,1500000.0,2019-04-30T12:51:32.458000Z
1034,1.1223,1.1223400000000001,9689999.5804,1500000.0,2019-04-30T12:51:32.582000Z
1035,1.1223200000000002,1.1223400000000001,1000000.0,2000000.0,2019-04-30T12:51:32.740000Z
1036,1.1223200000000002,1.12235,1000000.0,7760000.2289,2019-04-30T12:51:32.793000Z
1037,1.1223100000000001,1.1223400000000001,1500000.0,1000000.0,2019-04-30T12:51:32.895000Z
1038,1.1223100000000001,1.12235,1000000.0,5699999.8093,2019-04-30T12:51:33.287000Z
1039,1.1223200000000002,1.1223400000000001,2750000.0,1000000.0,2019-04-30T12:51:33.338000Z
1040,1.1223200000000002,1.12236,1500000.0,4949999.8093,2019-04-30T12:51:33.440000Z
1041,1.12233,1.12236,1000000.0,4349999.9046,2019-04-30T12:51:33.542000Z
1042,1.1223200000000002,1.12236,1500000.0,3000000.0,2019-04-30T12:51:33.645000Z
1043,1.1223100000000001,1.12235,6619999.8856,1000000.0,2019-04-30T12:51:33.780000Z
1044,1.1223100000000001,1.12235,9369999.8856,3190000.0572,2019-04-30T12:51:33.986000Z
1045,1.1223200000000002,1.1223400000000001,1000000.0,1120000.0048,2019-04-30T12:51:34.088000Z
1046,1.1223100000000001,1.1223400000000001,8619999.8856,1120000.0048,2019-04-30T12:51:34.190000Z
1047,1.1223,1.1223400000000001,2619999.8856,5969999.7902,2019-04-30T12:51:34.767000Z
1048,1.1223100000000001,1.12233,1120000.0048,3559999.9428,2019-04-30T12:51:34.969000Z
1049,1.1223,1.12233,1049999.9523,1690000.0572,2019-04-30T12:51:35.224000Z
1050,1.1223,1.1223200000000002,1799999.9523,1000000.0,2019-04-30T12:51:35.326000Z
1051,1.1223,1.12233,1049999.9523,1690000.0572,2019-04-30T12:51:35.428000Z
1052,1.1223,1.1223200000000002,1799999.9523,1000000.0,2019-04-30T12:51:35.583000Z
1053,1.1223,1.12233,1049999.9523,1809999.9428,2019-04-30T12:51:35.685000Z
1054,1.12228,1.1223100000000001,3450000.0477,2250000.0,2019-04-30T12:51:35.787000Z
1055,1.12227,1.1223100000000001,6000000.0,2809999.9428,2019-04-30T12:51:35.992000Z
1056,1.12227,1.1223,1120000.0048,1500000.0,2019-04-30T12:51:36.146000Z
1057,1.12226,1.1223,6750000.0,2160000.0858,2019-04-30T12:51:37.141000Z
1058,1.12225,1.1223,12369999.8856,2869999.8856,2019-04-30T12:51:37.446000Z
1059,1.12226,1.1223,1500000.0,4449999.8093,2019-04-30T12:51:37.812000Z
1060,1.12227,1.1223,1000000.0,8699999.8093,2019-04-30T12:51:38.195000Z
1061,1.12226,1.1223,2619999.8856,6820000.1717,2019-04-30T12:51:38.451000Z
1062,1.12227,1.12229,1000000.0,1309999.9428,2019-04-30T12:51:38.553000Z
1063,1.12226,1.1223,2619999.8856,3819999.9332,2019-04-30T12:51:38.696000Z
1064,1.12227,1.12229,1000000.0,1250000.0,2019-04-30T12:51:38.798000Z
1065,1.12226,1.1223,2250000.0,2059999.9428,2019-04-30T12:51:38.976000Z
1066,1.12227,1.12229,1500000.0,1000000.0,2019-04-30T12:51:39.653000Z
1067,1.12226,1.1223,10500000.0,2440000.0572,2019-04-30T12:51:39.755000Z
1068,1.12227,1.12229,1500000.0,1000000.0,2019-04-30T12:51:40.318000Z
1069,1.12226,1.1223,4119999.8856,1690000.0572,2019-04-30T12:51:40.420000Z
1070,1.12227,1.12229,1500000.0,1000000.0,2019-04-30T12:51:40.655000Z
1071,1.12226,1.1223,4119999.8856,1690000.0572,2019-04-30T12:51:40.810000Z
1072,1.12227,1.12229,1000000.0,1000000.0,2019-04-30T12:51:42.512000Z
1073,1.12226,1.1223,4119999.8856,2809999.9428,2019-04-30T12:51:43.436000Z
1074,1.12227,1.12229,1000000.0,1000000.0,2019-04-30T12:51:43.747000Z
1075,1.12226,1.1223,4119999.8856,2809999.9428,2019-04-30T12:51:44.380000Z
1076,1.12227,1.12229,1870000.0048,1120000.0048,2019-04-30T12:51:44.482000Z
1077,1.12227,1.1223,2970000.0286,1750000.0,2019-04-30T12:51:45.133000Z
1078,1.12229,1.1223200000000002,4119999.8856,4949999.8093,2019-04-30T12:51:45.185000Z
1079,1.1223100000000001,1.1223400000000001,1000000.0,1950000.0477,2019-04-30T12:51:45.310000Z
1080,1.1223100000000001,1.12235,2250000.0,7309999.9428,2019-04-30T12:51:46.399000Z
1081,1.1223100000000001,1.1223400000000001,4500000.0,1500000.0,2019-04-30T12:51:46.559000Z
1082,1.1223100000000001,1.12235,2250000.0,10310000.4196,2019-04-30T12:51:46.662000Z
1083,1.1223200000000002,1.12235,1000000.0,5590000.1526,2019-04-30T12:51:47.414000Z
1084,1.1223100000000001,1.12235,3000000.0,5809999.9428,2019-04-30T12:51:48.228000Z
1085,1.1223100000000001,1.1223400000000001,2250000.0,3500000.0,2019-04-30T12:51:48.339000Z
1086,1.1223,1.12233,3000000.0,1000000.0,2019-04-30T12:51:48.900000Z
1087,1.1223,1.1223400000000001,2549999.9523,8060000.4196,2019-04-30T12:51:49.052000Z
1088,1.1223,1.12233,3299999.9523,3000000.0,2019-04-30T12:51:49.160000Z
1089,1.1223,1.1223400000000001,2549999.9523,7309999.9428,2019-04-30T12:51:49.262000Z
1090,1.1223,1.12233,3000000.0,1000000.0,2019-04-30T12:51:49.427000Z
1091,1.1223,1.12233,7940000.0572,1250000.0,2019-04-30T12:51:50.480000Z
1092,1.1223,1.1223400000000001,5619999.8856,4539999.9619,2019-04-30T12:51:50.582000Z
1093,1.1223,1.12233,3369999.8856,3940000.0572,2019-04-30T12:51:51.749000Z
1094,1.1223100000000001,1.12233,1000000.0,1000000.0,2019-04-30T12:51:52.397000Z
1095,1.1223100000000001,1.1223400000000001,1000000.0,6219999.7902,2019-04-30T12:51:52.588000Z
1096,1.1223100000000001,1.12233,1000000.0,1000000.0,2019-04-30T12:51:52.697000Z
1097,1.1223100000000001,1.1223400000000001,1000000.0,3000000.0,2019-04-30T12:51:53.449000Z
1098,1.1223100000000001,1.12235,1309999.9428,4349999.9046,2019-04-30T12:51:55.781000Z
1099,1.1223100000000001,1.1223400000000001,5440000.0572,1000000.0,2019-04-30T12:51:55.935000Z
1100,1.1223100000000001,1.12235,1690000.0572,3750000.0,2019-04-30T12:51:56.276000Z
1101,1.1223100000000001,1.1223400000000001,6000000.0,1000000.0,2019-04-30T12:51:56.657000Z
1102,1.1223100000000001,1.12235,2250000.0,6940000.0572,2019-04-30T12:51:56.826000Z
1103,1.1223200000000002,1.12235,1000000.0,6940000.0572,2019-04-30T12:51:58.069000Z
1104,1.1223100000000001,1.12235,3750000.0,3940000.0572,2019-04-30T12:51:58.172000Z
1105,1.1223100000000001,1.1223400000000001,7119999.8856,1000000.0,2019-04-30T12:51:59.141000Z
1106,1.1223100000000001,1.12235,3369999.8856,4309999.9428,2019-04-30T12:51:59.769000Z
1107,1.1223100000000001,1.1223400000000001,4869999.8856,1000000.0,2019-04-30T12:52:00.923000Z
1108,1.1223100000000001,1.12235,2619999.8856,2059999.9428,2019-04-30T12:52:01.073000Z
1109,1.1223100000000001,1.1223400000000001,4869999.8856,1000000.0,2019-04-30T12:52:01.328000Z
1110,1.1223200000000002,1.1223400000000001,1000000.0,1000000.0,2019-04-30T12:52:01.430000Z
1111,1.1223200000000002,1.12235,1000000.0,7309999.9428,2019-04-30T12:52:01.532000Z
1112,1.1223100000000001,1.12235,1870000.0048,5059999.9428,2019-04-30T12:52:01.829000Z
1113,1.1223100000000001,1.1223400000000001,4119999.8856,1000000.0,2019-04-30T12:52:01.931000Z
1114,1.1223100000000001,1.12235,1870000.0048,2059999.9428,2019-04-30T12:52:02.120000Z
1115,1.1223100000000001,1.1223400000000001,3369999.8856,1000000.0,2019-04-30T12:52:02.474000Z
1116,1.1223100000000001,1.12235,1870000.0048,5809999.9428,2019-04-30T12:52:02.576000Z
1117,1.1223100000000001,1.1223400000000001,4119999.8856,1000000.0,2019-04-30T12:52:03.948000Z
1118,1.1223100000000001,1.12235,2619999.8856,10310000.4196,2019-04-30T12:52:04.151000Z
1119,1.1223100000000001,1.1223400000000001,4869999.8856,1000000.0,2019-04-30T12:52:04.900000Z
1120,1.1223100000000001,1.12235,2619999.8856,6559999.9428,2019-04-30T12:52:05.468000Z
1121,1.1223200000000002,1.1223400000000001,1000000.0,1000000.0,2019-04-30T12:52:05.569000Z
1122,1.1223100000000001,1.12235,2619999.8856,3559999.9428,2019-04-30T12:52:05.722000Z
1123,1.1223100000000001,1.12235,3500000.0,3559999.9428,2019-04-30T12:52:05.824000Z
1124,1.1223400000000001,1.12236,2119999.8856,3640000.1049,2019-04-30T12:52:06.533000Z
1125,1.12236,1.12237,1000000.0,1500000.0,2019-04-30T12:52:06.689000Z
1126,1.12235,1.12237,1000000.0,1000000.0,2019-04-30T12:52:06.796000Z
1127,1.12236,1.12237,1000000.0,1000000.0,2019-04-30T12:52:06.999000Z
1128,1.12235,1.12237,1000000.0,1440000.0572,2019-04-30T12:52:07.203000Z
1129,1.12235,1.12238,1000000.0,4710000.0381,2019-04-30T12:52:07.407000Z
1130,1.12236,1.12238,1500000.0,2460000.0381,2019-04-30T12:52:07.525000Z
1131,1.12235,1.12238,2250000.0,4710000.0381,2019-04-30T12:52:07.627000Z
1132,1.12235,1.12238,3250000.0,1820000.0525,2019-04-30T12:52:07.956000Z
1133,1.12235,1.12237,1250000.0,1250000.0,2019-04-30T12:52:08.075000Z
1134,1.12235,1.12237,1000000.0,4119999.8856,2019-04-30T12:52:08.177000Z
1135,1.1223400000000001,1.12236,1500000.0,1629999.9952,2019-04-30T12:52:08.280000Z
1136,1.12233,1.12236,1120000.0048,2440000.0572,2019-04-30T12:52:08.484000Z
1137,1.12233,1.12235,1000000.0,1000000.0,2019-04-30T12:52:08.536000Z
1138,1.1223200000000002,1.12235,1500000.0,5619999.8856,2019-04-30T12:52:08.893000Z
1139,1.1223100000000001,1.12235,4309999.9428,3000000.0,2019-04-30T12:52:09.672000Z
1140,1.1223200000000002,1.1223400000000001,1000000.0,1000000.0,2019-04-30T12:52:10.612000Z
1141,1.1223100000000001,1.12235,7159999.8474,5869999.8856,2019-04-30T12:52:12.523000Z
1142,1.1223200000000002,1.12235,1120000.0048,7000000.0,2019-04-30T12:52:12.625000Z
1143,1.1223100000000001,1.12235,6409999.8474,3250000.0,2019-04-30T12:52:13.604000Z
1144,1.1223200000000002,1.12235,1000000.0,7750000.0,2019-04-30T12:52:13.925000Z
1145,1.1223100000000001,1.12235,2809999.9428,5500000.0,2019-04-30T12:52:14.026000Z
1146,1.1223200000000002,1.12235,1000000.0,5500000.0,2019-04-30T12:52:14.909000Z
1147,1.1223100000000001,1.12235,2809999.9428,3250000.0,2019-04-30T12:52:15.035000Z
1148,1.1223200000000002,1.12235,1000000.0,5500000.0,2019-04-30T12:52:15.210000Z
1149,1.1223100000000001,1.12235,2809999.9428,3250000.0,2019-04-30T12:52:15.312000Z
1150,1.1223200000000002,1.12235,1000000.0,5500000.0,2019-04-30T12:52:15.912000Z
1151,1.1223100000000001,1.12235,2809999.9428,3250000.0,2019-04-30T12:52:16.188000Z
1152,1.1223200000000002,1.12235,1000000.0,5500000.0,2019-04-30T12:52:16.341000Z
1153,1.1223100000000001,1.12235,3559999.9428,3250000.0,2019-04-30T12:52:16.572000Z
1154,1.1223100000000001,1.12235,5559999.9428,3619999.8856,2019-04-30T12:52:17.780000Z
1155,1.1223100000000001,1.12235,2809999.9428,6250000.0,2019-04-30T12:52:20.341000Z
1156,1.1223200000000002,1.12235,1000000.0,6250000.0,2019-04-30T12:52:20.494000Z
1157,1.1223100000000001,1.12235,2809999.9428,4000000.0,2019-04-30T12:52:20.647000Z
1158,1.1223200000000002,1.12235,1000000.0,5500000.0,2019-04-30T12:52:21.444000Z
1159,1.1223100000000001,1.12235,2809999.9428,4000000.0,2019-04-30T12:52:21.546000Z
1160,1.1223200000000002,1.12235,1000000.0,5500000.0,2019-04-30T12:52:21.685000Z
1161,1.1223100000000001,1.12235,4909999.8474,8119999.8856,2019-04-30T12:52:21.787000Z
1162,1.1223100000000001,1.12233,1000000.0,3190000.0572,2019-04-30T12:52:21.890000Z
1163,1.1223,1.12233,1610000.0143,3000000.0,2019-04-30T12:52:21.993000Z
1164,1.1223100000000001,1.12235,2119999.8856,8510000.2289,2019-04-30T12:52:22.096000Z
1165,1.12233,1.12236,1000000.0,4889999.8665,2019-04-30T12:52:22.227000Z
1166,1.1223200000000002,1.12235,5099999.9046,2250000.0,2019-04-30T12:52:22.330000Z
1167,1.1223200000000002,1.12235,7349999.9046,3869999.8856,2019-04-30T12:52:22.650000Z
1168,1.12233,1.12235,1000000.0,2000000.0,2019-04-30T12:52:22.752000Z
1169,1.1223200000000002,1.12235,3599999.9046,1500000.0,2019-04-30T12:52:22.887000Z
1170,1.1223100000000001,1.1223400000000001,4539999.9619,1000000.0,2019-04-30T12:52:24.881000Z
1171,1.1223200000000002,1.1223400000000001,1500000.0,1000000.0,2019-04-30T12:52:24.983000Z
1172,1.1223100000000001,1.1223400000000001,4539999.9619,1000000.0,2019-04-30T12:52:25.085000Z
1173,1.1223200000000002,1.1223400000000001,1500000.0,1000000.0,2019-04-30T12:52:25.202000Z
1174,1.1223100000000001,1.1223400000000001,10539999.9619,1500000.0,2019-04-30T12:52:25.557000Z
1175,1.1223200000000002,1.1223400000000001,2599999.9046,1000000.0,2019-04-30T12:52:25.924000Z
1176,1.1223100000000001,1.1223400000000001,4909999.8474,1000000.0,2019-04-30T12:52:27.134000Z
1177,1.1223200000000002,1.1223400000000001,1000000.0,1000000.0,2019-04-30T12:52:27.734000Z
1178,1.1223100000000001,1.1223400000000001,5659999.8474,1000000.0,2019-04-30T12:52:28.847000Z
1179,1.1223200000000002,1.1223400000000001,1000000.0,1500000.0,2019-04-30T12:52:30.214000Z
1180,1.1223100000000001,1.1223400000000001,6039999.9619,1000000.0,2019-04-30T12:52:30.418000Z
1181,1.1223200000000002,1.1223400000000001,1500000.0,1000000.0,2019-04-30T12:52:30.521000Z
1182,1.12233,1.1223400000000001,1000000.0,1500000.0,2019-04-30T12:52:31.026000Z
1183,1.1223100000000001,1.1223400000000001,3940000.0572,3000000.0,2019-04-30T12:52:31.077000Z
1184,1.12235,1.12236,1000000.0,6000000.0,2019-04-30T12:52:31.433000Z
1185,1.12237,1.1224,1000000.0,8920000.0763,2019-04-30T12:52:31.586000Z
1186,1.12236,1.1224,1120000.0048,9000000.0,2019-04-30T12:52:31.688000Z
1187,1.12236,1.12239,1000000.0,1250000.0,2019-04-30T12:52:31.790000Z
1188,1.12236,1.1224,1000000.0,8250000.0,2019-04-30T12:52:31.892000Z
1189,1.12236,1.12239,3000000.0,1809999.9428,2019-04-30T12:52:31.993000Z
1190,1.12236,1.12239,2250000.0,1690000.0572,2019-04-30T12:52:32.148000Z
1191,1.12235,1.12239,7119999.8856,1250000.0,2019-04-30T12:52:32.309000Z
1192,1.12236,1.12239,2250000.0,4309999.9428,2019-04-30T12:52:32.989000Z
1193,1.12236,1.12239,2250000.0,6869999.8856,2019-04-30T12:52:33.092000Z
1194,1.12235,1.12239,3190000.0572,6119999.8856,2019-04-30T12:52:33.195000Z
1195,1.12236,1.12239,1500000.0,6869999.8856,2019-04-30T12:52:33.398000Z
1196,1.12236,1.12239,1500000.0,6869999.8856,2019-04-30T12:52:33.537000Z
1197,1.12236,1.12238,1500000.0,2000000.0,2019-04-30T12:52:33.990000Z
1198,1.12235,1.12238,5960000.0381,2750000.0,2019-04-30T12:52:34.194000Z
1199,1.12235,1.12238,4750000.0,2190000.0572,2019-04-30T12:52:34.640000Z
1200,1.12235,1.12238,1250000.0,1620000.0048,2019-04-30T12:52:34.844000Z
1201,1.12235,1.12238,2440000.0572,1000000.0,2019-04-30T12:52:36.201000Z
1202,1.12235,1.12239,1690000.0572,6000000.0,2019-04-30T12:52:36.449000Z
1203,1.12235,1.12238,3369999.8856,1000000.0,2019-04-30T12:52:36.834000Z
1204,1.12236,1.12239,1000000.0,5250000.0,2019-04-30T12:52:36.959000Z
1205,1.12235,1.12239,12409999.8474,3190000.0572,2019-04-30T12:52:37.061000Z
1206,1.12236,1.12239,2250000.0,1250000.0,2019-04-30T12:52:37.265000Z
1207,1.12236,1.12238,2250000.0,4309999.9428,2019-04-30T12:52:40.103000Z
1208,1.12235,1.12236,3000000.0,1000000.0,2019-04-30T12:52:40.265000Z
1209,1.12235,1.12237,3000000.0,1000000.0,2019-04-30T12:52:40.367000Z
1210,1.12235,1.12238,3190000.0572,3190000.0572,2019-04-30T12:52:40.822000Z
1211,1.12233,1.12235,1000000.0,1690000.0572,2019-04-30T12:52:41.204000Z
1212,1.1223200000000002,1.1223400000000001,1000000.0,1870000.0048,2019-04-30T12:52:41.306000Z
1213,1.1223,1.1223400000000001,7690000.0572,1000000.0,2019-04-30T12:52:42.492000Z
1214,1.1223100000000001,1.1223400000000001,1000000.0,2619999.8856,2019-04-30T12:52:42.763000Z
1215,1.12229,1.1223,4949999.8093,2250000.0,2019-04-30T12:52:43.167000Z
1216,1.12227,1.12229,7440000.0572,3039999.9619,2019-04-30T12:52:43.218000Z
1217,1.12225,1.12229,3619999.8856,4690000.0572,2019-04-30T12:52:43.321000Z
1218,1.12225,1.12228,5500000.0,1500000.0,2019-04-30T12:52:43.533000Z
1219,1.12226,1.12229,2869999.8856,2250000.0,2019-04-30T12:52:44.148000Z
1220,1.12226,1.12229,1500000.0,2250000.0,2019-04-30T12:52:44.323000Z
1221,1.12227,1.12229,1000000.0,3000000.0,2019-04-30T12:52:44.425000Z
1222,1.12226,1.12229,1500000.0,2250000.0,2019-04-30T12:52:44.528000Z
1223,1.12226,1.12228,1500000.0,1000000.0,2019-04-30T12:52:45.134000Z
1224,1.12225,1.12229,3819999.9332,5440000.0572,2019-04-30T12:52:45.562000Z
1225,1.12225,1.12227,3069999.9332,1000000.0,2019-04-30T12:52:45.613000Z
1226,1.12225,1.12227,2250000.0,1000000.0,2019-04-30T12:52:45.715000Z
1227,1.12226,1.12227,2250000.0,1000000.0,2019-04-30T12:52:45.924000Z
1228,1.12225,1.12227,2250000.0,1000000.0,2019-04-30T12:52:48.720000Z
1229,1.12226,1.12227,2250000.0,1000000.0,2019-04-30T12:52:49.706000Z
1230,1.12225,1.12227,2250000.0,1000000.0,2019-04-30T12:52:51.056000Z
1231,1.12226,1.12227,1500000.0,1500000.0,2019-04-30T12:52:52.344000Z
1232,1.12225,1.12227,2250000.0,1500000.0,2019-04-30T12:52:53.118000Z
1233,1.12226,1.12227,2250000.0,2250000.0,2019-04-30T12:52:53.382000Z
1234,1.12225,1.12227,2250000.0,1500000.0,2019-04-30T12:52:53.618000Z
1235,1.12225,1.12227,2500000.0,1690000.0572,2019-04-30T12:52:54.451000Z
1236,1.12225,1.12227,2440000.0572,1000000.0,2019-04-30T12:52:54.553000Z
1237,1.1222400000000001,1.12225,2250000.0,2440000.0572,2019-04-30T12:52:59.394000Z
1238,1.1222100000000002,1.12223,6099999.9046,1000000.0,2019-04-30T12:52:59.445000Z
1239,1.1222100000000002,1.1222400000000001,4719999.7902,1250000.0,2019-04-30T12:52:59.589000Z
1240,1.1222100000000002,1.12223,9220000.267,1000000.0,2019-04-30T12:53:00.070000Z
1241,1.1222100000000002,1.1222400000000001,6219999.7902,3369999.8856,2019-04-30T12:53:00.172000Z
1242,1.1222100000000002,1.12223,6409999.8474,1250000.0,2019-04-30T12:53:00.334000Z
1243,1.12223,1.1222400000000001,5289999.9619,1120000.0048,2019-04-30T12:53:00.520000Z
1244,1.12223,1.12225,2250000.0,1000000.0,2019-04-30T12:53:00.622000Z
1245,1.1222200000000002,1.12225,1870000.0048,1870000.0048,2019-04-30T12:53:00.725000Z
1246,1.1222200000000002,1.1222400000000001,1870000.0048,1750000.0,2019-04-30T12:53:00.946000Z
1247,1.1222200000000002,1.1222400000000001,1000000.0,1690000.0572,2019-04-30T12:53:01.722000Z
1248,1.12223,1.1222400000000001,1000000.0,1250000.0,2019-04-30T12:53:02.811000Z
1249,1.1222200000000002,1.1222400000000001,3599999.9046,1250000.0,2019-04-30T12:53:03.191000Z
1250,1.1222200000000002,1.12225,3039999.9619,1690000.0572,2019-04-30T12:53:03.597000Z
1251,1.12223,1.1222400000000001,1000000.0,1000000.0,2019-04-30T12:53:03.964000Z
1252,1.1222200000000002,1.1222400000000001,1500000.0,1500000.0,2019-04-30T12:53:04.100000Z
1253,1.1222100000000002,1.1222400000000001,4719999.7902,1000000.0,2019-04-30T12:53:04.354000Z
1254,1.1222200000000002,1.1222400000000001,1000000.0,1500000.0,2019-04-30T12:53:05.213000Z
1255,1.1222100000000002,1.1222400000000001,4349999.9046,1000000.0,2019-04-30T12:53:05.315000Z
1256,1.1222200000000002,1.1222400000000001,1000000.0,3000000.0,2019-04-30T12:53:05.468000Z
1257,1.1222200000000002,1.12223,1000000.0,1690000.0572,2019-04-30T12:53:05.622000Z
1258,1.1222100000000002,1.12223,4719999.7902,1000000.0,2019-04-30T12:53:06.417000Z
1259,1.1222200000000002,1.12223,1000000.0,1000000.0,2019-04-30T12:53:06.621000Z
1260,1.1222100000000002,1.12223,4719999.7902,1000000.0,2019-04-30T12:53:06.722000Z
1261,1.1222200000000002,1.12223,1000000.0,1000000.0,2019-04-30T12:53:06.857000Z
1262,1.1222100000000002,1.12223,4719999.7902,1000000.0,2019-04-30T12:53:07.153000Z
1263,1.1222200000000002,1.12223,1000000.0,1000000.0,2019-04-30T12:53:08.482000Z
1264,1.1222100000000002,1.12223,2619999.8856,1000000.0,2019-04-30T12:53:08.585000Z
1265,1.1222200000000002,1.12223,1500000.0,1000000.0,2019-04-30T12:53:09.017000Z
1266,1.1222200000000002,1.1222400000000001,4599999.9046,3190000.0572,2019-04-30T12:53:09.837000Z
1267,1.12223,1.12225,3970000.0286,3000000.0,2019-04-30T12:53:09.889000Z
1268,1.1222200000000002,1.12226,2750000.0,6559999.9428,2019-04-30T12:53:10.070000Z
1269,1.1222200000000002,1.12226,1500000.0,8189999.5804,2019-04-30T12:53:10.173000Z
1270,1.1222200000000002,1.12225,1000000.0,1500000.0,2019-04-30T12:53:10.376000Z
1271,1.1222100000000002,1.12225,2849999.9046,4849999.9046,2019-04-30T12:53:10.478000Z
1272,1.1222100000000002,1.12225,4309999.9428,3369999.8856,2019-04-30T12:53:12.917000Z
1273,1.1222200000000002,1.12225,3369999.8856,2250000.0,2019-04-30T12:53:13.020000Z
1274,1.12223,1.12225,1000000.0,2250000.0,2019-04-30T12:53:13.125000Z
1275,1.1222200000000002,1.12225,3369999.8856,1000000.0,2019-04-30T12:53:13.279000Z
1276,1.1222200000000002,1.1222400000000001,1000000.0,2440000.0572,2019-04-30T12:53:15.201000Z
1277,1.1222100000000002,1.1222400000000001,5469999.7902,2440000.0572,2019-04-30T12:53:15.303000Z
1278,1.1222100000000002,1.12225,4849999.9046,8100000.3815,2019-04-30T12:53:16.156000Z
1279,1.1222200000000002,1.12223,1000000.0,1000000.0,2019-04-30T12:53:17.592000Z
1280,1.1222200000000002,1.1222400000000001,1000000.0,1009999.9905,2019-04-30T12:53:17.695000Z
1281,1.1222,1.1222200000000002,2619999.8856,19389999.3896,2019-04-30T12:53:17.746000Z
1282,1.12218,1.1222,2250000.0,3940000.0572,2019-04-30T12:53:17.850000Z
1283,1.12216,1.12218,3250000.0,1000000.0,2019-04-30T12:53:17.952000Z
1284,1.12218,1.1222,1000000.0,4869999.8856,2019-04-30T12:53:18.004000Z
1285,1.12219,1.1222100000000002,3000000.0,1500000.0,2019-04-30T12:53:18.106000Z
1286,1.1222,1.12223,1690000.0572,2910000.0858,2019-04-30T12:53:18.208000Z
1287,1.1222,1.1222200000000002,2559999.9428,1000000.0,2019-04-30T12:53:18.311000Z
1288,1.1222100000000002,1.12223,2619999.8856,1690000.0572,2019-04-30T12:53:18.417000Z
1289,1.1222100000000002,1.1222400000000001,1500000.0,3190000.0572,2019-04-30T12:53:19.526000Z
1290,1.1222400000000001,1.12225,1000000.0,3000000.0,2019-04-30T12:53:21.121000Z
1291,1.1222400000000001,1.12227,6969999.7902,3750000.0,2019-04-30T12:53:21.223000Z
1292,1.12223,1.1222400000000001,1000000.0,1000000.0,2019-04-30T12:53:21.325000Z
1293,1.1222100000000002,1.1222400000000001,3309999.9428,1000000.0,2019-04-30T12:53:21.427000Z
1294,1.12223,1.1222400000000001,1000000.0,1000000.0,2019-04-30T12:53:21.809000Z
1295,1.1222200000000002,1.1222400000000001,1120000.0048,1000000.0,2019-04-30T12:53:22.047000Z
