,bid,ask,bid_vol,ask_vol,time
0,1.11528,1.1153,1000000.0,1000000.0,2019-05-31T12:45:00.030000Z
1,1.1152900000000001,1.11531,1000000.0,5440000.0572,2019-05-31T12:45:01.123000Z
2,1.1152700000000002,1.1153,3309999.9428,1000000.0,2019-05-31T12:45:01.444000Z
3,1.1152700000000002,1.1152900000000001,2619999.8856,1000000.0,2019-05-31T12:45:01.546000Z
4,1.1152700000000002,1.11528,1120000.0048,1000000.0,2019-05-31T12:45:02.252000Z
5,1.11525,1.11528,3940000.0572,1000000.0,2019-05-31T12:45:02.303000Z
6,1.11525,1.1152700000000002,1690000.0572,1000000.0,2019-05-31T12:45:02.407000Z
7,1.11524,1.1152700000000002,6929999.8283,1000000.0,2019-05-31T12:45:02.866000Z
8,1.11525,1.1152700000000002,1000000.0,1000000.0,2019-05-31T12:45:03.078000Z
9,1.11524,1.1152700000000002,6929999.8283,1000000.0,2019-05-31T12:45:03.333000Z
10,1.11524,1.11528,2809999.9428,4010000.2289,2019-05-31T12:45:03.435000Z
11,1.11524,1.11528,2869999.8856,4010000.2289,2019-05-31T12:45:03.537000Z
12,1.11524,1.11528,3190000.0572,4010000.2289,2019-05-31T12:45:03.639000Z
13,1.11525,1.11528,4559999.9428,2619999.8856,2019-05-31T12:45:03.833000Z
14,1.1152600000000001,1.1152700000000002,1000000.0,1000000.0,2019-05-31T12:45:03.935000Z
15,1.11525,1.1152900000000001,1250000.0,9449999.8093,2019-05-31T12:45:04.038000Z
16,1.11525,1.11528,1000000.0,1000000.0,2019-05-31T12:45:04.140000Z
17,1.1152600000000001,1.11528,1000000.0,1000000.0,2019-05-31T12:45:04.500000Z
18,1.11525,1.11528,2549999.9523,1000000.0,2019-05-31T12:45:04.603000Z
19,1.11524,1.1152700000000002,5530000.2098,1120000.0048,2019-05-31T12:45:04.920000Z
20,1.11524,1.11528,3359999.8951,3559999.9428,2019-05-31T12:45:05.022000Z
21,1.11524,1.11525,1000000.0,1000000.0,2019-05-31T12:45:05.184000Z
22,1.11522,1.11524,3559999.9428,1000000.0,2019-05-31T12:45:05.236000Z
23,1.11522,1.11525,1399999.9762,1500000.0,2019-05-31T12:45:05.339000Z
24,1.11522,1.11525,1000000.0,1500000.0,2019-05-31T12:45:05.441000Z
25,1.11522,1.1152600000000001,1500000.0,3940000.0572,2019-05-31T12:45:07.062000Z
26,1.11522,1.11524,1500000.0,1000000.0,2019-05-31T12:45:07.113000Z
27,1.11522,1.1152600000000001,1750000.0,7940000.0572,2019-05-31T12:45:07.224000Z
28,1.11522,1.11525,1690000.0572,2440000.0572,2019-05-31T12:45:07.326000Z
29,1.11522,1.11525,2440000.0572,7139999.8665,2019-05-31T12:45:08.071000Z
30,1.11522,1.11525,1120000.0048,4690000.0572,2019-05-31T12:45:09.968000Z
31,1.11522,1.11524,1870000.0048,1000000.0,2019-05-31T12:45:11.385000Z
32,1.11522,1.11525,1120000.0048,8079999.9237,2019-05-31T12:45:13.403000Z
33,1.11521,1.11524,6989999.7711,1000000.0,2019-05-31T12:45:16.016000Z
34,1.11521,1.11525,6300000.1907,4119999.8856,2019-05-31T12:45:19.308000Z
35,1.11521,1.11523,5170000.0763,1000000.0,2019-05-31T12:45:22.205000Z
36,1.1152,1.11521,2549999.9523,1500000.0,2019-05-31T12:45:22.308000Z
37,1.1151900000000001,1.11521,1000000.0,1000000.0,2019-05-31T12:45:22.359000Z
38,1.1151900000000001,1.11522,1000000.0,4869999.8856,2019-05-31T12:45:22.550000Z
39,1.1151900000000001,1.11522,1600000.0238,6190000.0572,2019-05-31T12:45:22.805000Z
40,1.11518,1.11521,4000000.0,1000000.0,2019-05-31T12:45:22.907000Z
41,1.1151700000000002,1.1152,8369999.8856,1000000.0,2019-05-31T12:45:23.060000Z
42,1.1151700000000002,1.1152,6280000.2098,3000000.0,2019-05-31T12:45:23.162000Z
43,1.1151600000000002,1.1151900000000001,7829999.9237,1500000.0,2019-05-31T12:45:23.883000Z
44,1.1151600000000002,1.11521,8500000.0,14819999.6948,2019-05-31T12:45:23.993000Z
45,1.1151600000000002,1.1152,8319999.6948,10500000.0,2019-05-31T12:45:24.096000Z
46,1.1151600000000002,1.1152,5019999.9809,4570000.1717,2019-05-31T12:45:24.300000Z
47,1.1151600000000002,1.1151900000000001,11319999.6948,1000000.0,2019-05-31T12:45:24.902000Z
48,1.1151600000000002,1.1152,5320000.1717,1500000.0,2019-05-31T12:45:25.080000Z
49,1.1151600000000002,1.1151900000000001,9069999.6948,1000000.0,2019-05-31T12:45:25.182000Z
50,1.1151600000000002,1.1151900000000001,8569999.6948,1000000.0,2019-05-31T12:45:25.283000Z
51,1.1151600000000002,1.1151900000000001,8319999.6948,1000000.0,2019-05-31T12:45:25.436000Z
52,1.1151600000000002,1.1151900000000001,8569999.6948,1000000.0,2019-05-31T12:45:25.796000Z
53,1.1151600000000002,1.1152,3890000.1049,8250000.0,2019-05-31T12:45:25.898000Z
54,1.1151600000000002,1.1152,3640000.1049,1500000.0,2019-05-31T12:45:26Z
55,1.1151600000000002,1.1151900000000001,8890000.3433,1000000.0,2019-05-31T12:45:26.795000Z
56,1.1151600000000002,1.1152,3640000.1049,1870000.0048,2019-05-31T12:45:26.897000Z
57,1.1151600000000002,1.1151900000000001,7389999.8665,1000000.0,2019-05-31T12:45:26.998000Z
58,1.1151600000000002,1.1152,3640000.1049,2619999.8856,2019-05-31T12:45:27.550000Z
59,1.1151700000000002,1.1152,1000000.0,6000000.0,2019-05-31T12:45:27.703000Z
60,1.1151600000000002,1.1152,4500000.0,1120000.0048,2019-05-31T12:45:27.805000Z
61,1.11518,1.1152,1000000.0,1500000.0,2019-05-31T12:45:27.957000Z
62,1.1151700000000002,1.11521,2059999.9428,7650000.0954,2019-05-31T12:45:28.100000Z
63,1.1151900000000001,1.11521,1000000.0,2700000.0477,2019-05-31T12:45:28.781000Z
64,1.1151900000000001,1.1152,1000000.0,1500000.0,2019-05-31T12:45:28.942000Z
65,1.1151900000000001,1.11522,1000000.0,8810000.4196,2019-05-31T12:45:29.044000Z
66,1.1152,1.11522,1000000.0,7650000.0954,2019-05-31T12:45:29.146000Z
67,1.1151900000000001,1.11521,1000000.0,1500000.0,2019-05-31T12:45:29.520000Z
68,1.1151900000000001,1.11522,1000000.0,5889999.8665,2019-05-31T12:45:29.628000Z
69,1.1151900000000001,1.11521,1000000.0,1950000.0477,2019-05-31T12:45:29.777000Z
70,1.1152,1.11522,2250000.0,3549999.9523,2019-05-31T12:45:29.930000Z
71,1.11521,1.11523,1500000.0,1100000.0238,2019-05-31T12:45:29.981000Z
72,1.11522,1.11523,1120000.0048,3000000.0,2019-05-31T12:45:30.083000Z
73,1.11522,1.11524,1000000.0,7570000.1717,2019-05-31T12:45:30.937000Z
74,1.11523,1.11525,1000000.0,8590000.1526,2019-05-31T12:45:31.141000Z
75,1.11523,1.11525,1000000.0,8909999.8474,2019-05-31T12:45:31.915000Z
76,1.11523,1.11524,1000000.0,1120000.0048,2019-05-31T12:45:32.016000Z
77,1.11523,1.11525,1000000.0,3640000.1049,2019-05-31T12:45:32.239000Z
78,1.11523,1.11524,1000000.0,1000000.0,2019-05-31T12:45:33.311000Z
79,1.11523,1.11524,1000000.0,1500000.0,2019-05-31T12:45:33.514000Z
80,1.11522,1.11524,3940000.0572,4500000.0,2019-05-31T12:45:34.204000Z
81,1.11523,1.11524,1000000.0,1000000.0,2019-05-31T12:45:34.511000Z
82,1.11523,1.11525,1000000.0,7690000.0572,2019-05-31T12:45:34.613000Z
83,1.11525,1.1152600000000001,1120000.0048,2700000.0477,2019-05-31T12:45:36.315000Z
84,1.1152600000000001,1.1152700000000002,1000000.0,1120000.0048,2019-05-31T12:45:36.421000Z
85,1.1152600000000001,1.11528,1000000.0,2619999.8856,2019-05-31T12:45:37.502000Z
86,1.1152700000000002,1.1152900000000001,1000000.0,3710000.0381,2019-05-31T12:45:40.262000Z
87,1.11528,1.11531,1000000.0,10239999.7711,2019-05-31T12:45:40.365000Z
88,1.1152900000000001,1.11531,1000000.0,4239999.7711,2019-05-31T12:45:40.517000Z
89,1.1152900000000001,1.11531,1000000.0,3000000.0,2019-05-31T12:45:40.672000Z
90,1.1153,1.11532,1000000.0,6340000.1526,2019-05-31T12:45:41.949000Z
91,1.1152900000000001,1.11531,1000000.0,1200000.0477,2019-05-31T12:45:42.052000Z
92,1.1153,1.11532,1000000.0,3940000.0572,2019-05-31T12:45:43.565000Z
93,1.1153,1.11531,1000000.0,1000000.0,2019-05-31T12:45:43.667000Z
94,1.1153,1.11532,1000000.0,3940000.0572,2019-05-31T12:45:43.769000Z
95,1.1152900000000001,1.11532,1000000.0,4309999.9428,2019-05-31T12:45:44.910000Z
96,1.1152900000000001,1.11531,1000000.0,1000000.0,2019-05-31T12:45:45.101000Z
97,1.11528,1.1153,3750000.0,1000000.0,2019-05-31T12:45:45.396000Z
98,1.11528,1.1152900000000001,2250000.0,1000000.0,2019-05-31T12:45:45.603000Z
99,1.11528,1.1153,1500000.0,1500000.0,2019-05-31T12:45:45.705000Z
100,1.11528,1.1152900000000001,1000000.0,1120000.0048,2019-05-31T12:45:45.975000Z
101,1.11528,1.1153,1000000.0,2250000.0,2019-05-31T12:45:47.382000Z
102,1.1152900000000001,1.11531,1000000.0,6119999.8856,2019-05-31T12:45:47.748000Z
103,1.11532,1.11533,1690000.0572,4690000.0572,2019-05-31T12:45:47.851000Z
104,1.11534,1.11535,1000000.0,1250000.0,2019-05-31T12:45:48.020000Z
105,1.11535,1.11538,1120000.0048,5059999.9428,2019-05-31T12:45:48.124000Z
106,1.1153700000000002,1.11538,1000000.0,2700000.0477,2019-05-31T12:45:48.182000Z
107,1.1153700000000002,1.11539,2619999.8856,1460000.0381,2019-05-31T12:45:48.284000Z
108,1.1153700000000002,1.11538,1870000.0048,1000000.0,2019-05-31T12:45:48.978000Z
109,1.1153600000000001,1.11538,1000000.0,2589999.9142,2019-05-31T12:45:50.256000Z
110,1.1153600000000001,1.1153700000000002,1000000.0,1870000.0048,2019-05-31T12:45:51.411000Z
111,1.1153600000000001,1.11538,1000000.0,5960000.0381,2019-05-31T12:45:51.590000Z
112,1.11535,1.11538,1000000.0,3259999.9905,2019-05-31T12:45:51.694000Z
113,1.1153600000000001,1.11539,1000000.0,12899999.6185,2019-05-31T12:45:51.796000Z
114,1.1153600000000001,1.11538,1000000.0,1100000.0238,2019-05-31T12:45:51.980000Z
115,1.1153600000000001,1.11539,1000000.0,10270000.4578,2019-05-31T12:45:52.184000Z
116,1.1153600000000001,1.11538,1000000.0,3519999.9809,2019-05-31T12:45:52.287000Z
117,1.1153600000000001,1.1153700000000002,1000000.0,1500000.0,2019-05-31T12:45:52.640000Z
118,1.11539,1.1154,1120000.0048,7760000.2289,2019-05-31T12:45:53.350000Z
119,1.11542,1.11543,1000000.0,1120000.0048,2019-05-31T12:45:53.452000Z
120,1.11542,1.11544,1000000.0,1269999.9809,2019-05-31T12:45:53.555000Z
121,1.11543,1.11545,1000000.0,3900000.0954,2019-05-31T12:45:53.657000Z
122,1.11543,1.11545,1000000.0,3339999.9142,2019-05-31T12:45:53.805000Z
123,1.11542,1.11545,1690000.0572,4050000.1907,2019-05-31T12:45:55.011000Z
124,1.11543,1.11544,1000000.0,1120000.0048,2019-05-31T12:45:55.113000Z
125,1.11542,1.11544,3190000.0572,2319999.9332,2019-05-31T12:45:55.215000Z
126,1.11541,1.11543,1120000.0048,1100000.0238,2019-05-31T12:45:55.366000Z
127,1.11541,1.11543,1120000.0048,1000000.0,2019-05-31T12:45:55.469000Z
128,1.1154,1.11542,2190000.0572,1000000.0,2019-05-31T12:45:55.572000Z
129,1.11541,1.11543,1120000.0048,2400000.0954,2019-05-31T12:45:55.675000Z
130,1.11542,1.11544,1000000.0,8199999.8093,2019-05-31T12:45:57.325000Z
131,1.11542,1.11544,1000000.0,1100000.0238,2019-05-31T12:45:57.478000Z
132,1.11543,1.11544,1000000.0,1000000.0,2019-05-31T12:45:57.820000Z
133,1.11543,1.11545,1000000.0,1200000.0477,2019-05-31T12:45:57.922000Z
134,1.11543,1.11544,1000000.0,1100000.0238,2019-05-31T12:45:58.136000Z
135,1.11541,1.11544,5059999.9428,1000000.0,2019-05-31T12:45:58.394000Z
136,1.11541,1.11543,1500000.0,4260000.2289,2019-05-31T12:45:58.496000Z
137,1.1154,1.11542,2440000.0572,1200000.0477,2019-05-31T12:45:58.597000Z
138,1.1154,1.11542,2500000.0,1950000.0477,2019-05-31T12:45:58.701000Z
139,1.1154,1.11542,1500000.0,1950000.0477,2019-05-31T12:45:59.083000Z
140,1.11541,1.11544,3119999.8856,2069999.9332,2019-05-31T12:45:59.425000Z
141,1.11542,1.11544,1120000.0048,1269999.9809,2019-05-31T12:45:59.527000Z
142,1.11542,1.11543,1000000.0,1000000.0,2019-05-31T12:46:00.344000Z
143,1.11542,1.11544,1000000.0,4760000.2289,2019-05-31T12:46:00.700000Z
144,1.11542,1.11544,1000000.0,1200000.0477,2019-05-31T12:46:00.993000Z
145,1.11542,1.11544,1000000.0,2509999.9905,2019-05-31T12:46:01.146000Z
146,1.11542,1.11543,1000000.0,1000000.0,2019-05-31T12:46:01.937000Z
147,1.11541,1.11542,1000000.0,1000000.0,2019-05-31T12:46:02.552000Z
148,1.11541,1.11543,1000000.0,1100000.0238,2019-05-31T12:46:03.028000Z
149,1.11539,1.11543,3619999.8856,4199999.8093,2019-05-31T12:46:03.132000Z
150,1.11539,1.11543,4559999.9428,3920000.0763,2019-05-31T12:46:03.285000Z
151,1.11539,1.11543,4559999.9428,8020000.4578,2019-05-31T12:46:03.745000Z
152,1.11539,1.11543,2369999.8856,4610000.1335,2019-05-31T12:46:03.898000Z
153,1.11541,1.11544,1000000.0,6199999.8093,2019-05-31T12:46:04.226000Z
154,1.11541,1.11544,1000000.0,5019999.9809,2019-05-31T12:46:04.328000Z
155,1.11541,1.11544,1000000.0,5800000.1907,2019-05-31T12:46:04.430000Z
156,1.11541,1.11544,1000000.0,2019999.9809,2019-05-31T12:46:05.280000Z
157,1.11541,1.11543,1500000.0,1000000.0,2019-05-31T12:46:05.540000Z
158,1.1154,1.11543,5239999.7711,4199999.8093,2019-05-31T12:46:06.053000Z
159,1.1154,1.11544,3559999.9428,8439999.5804,2019-05-31T12:46:06.155000Z
160,1.11541,1.11543,1000000.0,1500000.0,2019-05-31T12:46:06.267000Z
161,1.11541,1.11544,1000000.0,5920000.0763,2019-05-31T12:46:07.349000Z
162,1.11541,1.11544,2500000.0,3599999.9046,2019-05-31T12:46:07.704000Z
163,1.11541,1.11543,5139999.8665,1500000.0,2019-05-31T12:46:07.806000Z
164,1.11541,1.11544,3250000.0,3599999.9046,2019-05-31T12:46:08.330000Z
165,1.11541,1.11543,7789999.9619,1000000.0,2019-05-31T12:46:08.611000Z
166,1.11541,1.11544,3500000.0,1000000.0,2019-05-31T12:46:08.961000Z
167,1.11543,1.11545,1000000.0,2769999.9809,2019-05-31T12:46:09.114000Z
168,1.11541,1.11545,5619999.8856,3150000.0954,2019-05-31T12:46:09.267000Z
169,1.11542,1.11544,1120000.0048,1759999.9905,2019-05-31T12:46:09.369000Z
170,1.1154,1.11543,3750000.0,2619999.8856,2019-05-31T12:46:09.524000Z
171,1.11543,1.11545,1000000.0,5809999.9428,2019-05-31T12:46:09.830000Z
172,1.11544,1.1154700000000002,1690000.0572,7039999.9619,2019-05-31T12:46:09.932000Z
173,1.11544,1.1154700000000002,1120000.0048,4570000.1717,2019-05-31T12:46:10.034000Z
174,1.11544,1.1154700000000002,1120000.0048,4969999.7902,2019-05-31T12:46:10.159000Z
175,1.11544,1.1154700000000002,1250000.0,2140000.1049,2019-05-31T12:46:10.312000Z
176,1.11545,1.11548,3190000.0572,2390000.1049,2019-05-31T12:46:10.465000Z
177,1.1154600000000001,1.11548,1000000.0,1690000.0572,2019-05-31T12:46:10.567000Z
178,1.1154600000000001,1.11549,1120000.0048,6750000.0,2019-05-31T12:46:10.713000Z
179,1.1154600000000001,1.11548,1870000.0048,1500000.0,2019-05-31T12:46:10.865000Z
180,1.1154600000000001,1.11549,1120000.0048,7500000.0,2019-05-31T12:46:10.967000Z
181,1.1154600000000001,1.11548,1000000.0,1000000.0,2019-05-31T12:46:11.070000Z
182,1.11545,1.11548,1000000.0,2440000.0572,2019-05-31T12:46:11.321000Z
183,1.11544,1.1154700000000002,1470000.0286,1000000.0,2019-05-31T12:46:12.082000Z
184,1.11544,1.1154600000000001,1250000.0,1100000.0238,2019-05-31T12:46:12.184000Z
185,1.11543,1.1154700000000002,1120000.0048,9560000.4196,2019-05-31T12:46:12.286000Z
186,1.11543,1.1154600000000001,2619999.8856,1120000.0048,2019-05-31T12:46:12.439000Z
187,1.11544,1.1154600000000001,1000000.0,1000000.0,2019-05-31T12:46:12.638000Z
188,1.11543,1.1154700000000002,3369999.8856,9210000.0381,2019-05-31T12:46:12.740000Z
189,1.11544,1.1154600000000001,1000000.0,1000000.0,2019-05-31T12:46:12.842000Z
190,1.11543,1.1154700000000002,3369999.8856,6190000.0572,2019-05-31T12:46:13.141000Z
191,1.11545,1.11548,1250000.0,10890000.3433,2019-05-31T12:46:14.412000Z
192,1.11545,1.11548,1690000.0572,2319999.9332,2019-05-31T12:46:14.576000Z
193,1.1154700000000002,1.11549,1000000.0,10210000.0381,2019-05-31T12:46:14.678000Z
194,1.1154700000000002,1.1155000000000002,1000000.0,1950000.0477,2019-05-31T12:46:14.781000Z
195,1.11548,1.11551,1250000.0,1269999.9809,2019-05-31T12:46:14.935000Z
196,1.11549,1.11552,4690000.0572,5260000.2289,2019-05-31T12:46:15.061000Z
197,1.11551,1.11554,1500000.0,3519999.9809,2019-05-31T12:46:15.164000Z
198,1.11551,1.11555,1500000.0,2589999.9142,2019-05-31T12:46:15.266000Z
199,1.11552,1.11555,3750000.0,1100000.0238,2019-05-31T12:46:15.368000Z
200,1.11552,1.11556,1500000.0,3349999.9046,2019-05-31T12:46:15.630000Z
201,1.11552,1.11555,1559999.9428,1250000.0,2019-05-31T12:46:15.754000Z
202,1.11552,1.11556,2250000.0,5639999.8665,2019-05-31T12:46:16.306000Z
203,1.11552,1.11555,4090000.1526,1070000.0525,2019-05-31T12:46:16.508000Z
204,1.11552,1.11556,1120000.0048,3390000.1049,2019-05-31T12:46:16.729000Z
205,1.11552,1.11556,4690000.0572,8850000.3815,2019-05-31T12:46:17.012000Z
206,1.11552,1.11556,1250000.0,3579999.9237,2019-05-31T12:46:17.113000Z
207,1.11552,1.11555,2690000.0572,1250000.0,2019-05-31T12:46:17.349000Z
208,1.11552,1.11556,1120000.0048,3309999.9428,2019-05-31T12:46:17.452000Z
209,1.11552,1.11555,4280000.2098,1070000.0525,2019-05-31T12:46:17.554000Z
210,1.11552,1.11556,3369999.8856,5639999.8665,2019-05-31T12:46:17.871000Z
211,1.11552,1.11555,1750000.0,1250000.0,2019-05-31T12:46:18.224000Z
212,1.11552,1.11556,1690000.0572,8449999.8093,2019-05-31T12:46:18.377000Z
213,1.11552,1.11555,1690000.0572,1000000.0,2019-05-31T12:46:18.478000Z
214,1.11552,1.11556,3789999.9619,5110000.1335,2019-05-31T12:46:19.494000Z
215,1.11551,1.11553,2619999.8856,2619999.8856,2019-05-31T12:46:23.863000Z
216,1.11549,1.11552,2059999.9428,3819999.9332,2019-05-31T12:46:23.914000Z
217,1.11548,1.11552,2369999.8856,7860000.1335,2019-05-31T12:46:24.136000Z
218,1.11548,1.1155000000000002,1000000.0,1000000.0,2019-05-31T12:46:24.340000Z
219,1.11548,1.11551,1000000.0,2250000.0,2019-05-31T12:46:24.442000Z
220,1.1154700000000002,1.11551,9750000.0,2400000.0954,2019-05-31T12:46:24.544000Z
221,1.11548,1.11551,1690000.0572,1649999.9762,2019-05-31T12:46:24.646000Z
222,1.1154700000000002,1.11551,6000000.0,1200000.0477,2019-05-31T12:46:24.964000Z
223,1.11548,1.11551,1690000.0572,4389999.8665,2019-05-31T12:46:25.067000Z
224,1.11549,1.11551,1000000.0,3150000.0954,2019-05-31T12:46:25.270000Z
225,1.1154700000000002,1.11549,2619999.8856,1100000.0238,2019-05-31T12:46:25.423000Z
226,1.1154600000000001,1.1155000000000002,7500000.0,4869999.8856,2019-05-31T12:46:25.525000Z
227,1.1154700000000002,1.11549,1000000.0,6619999.8856,2019-05-31T12:46:25.639000Z
228,1.11545,1.11548,5250000.0,1009999.9905,2019-05-31T12:46:25.995000Z
229,1.11544,1.1154700000000002,2059999.9428,1120000.0048,2019-05-31T12:46:26.097000Z
230,1.11544,1.1154600000000001,2250000.0,1000000.0,2019-05-31T12:46:27.650000Z
231,1.11544,1.1154700000000002,1250000.0,2809999.9428,2019-05-31T12:46:27.752000Z
232,1.11544,1.1154600000000001,2009999.9905,1000000.0,2019-05-31T12:46:27.952000Z
233,1.11543,1.1154600000000001,2250000.0,1200000.0477,2019-05-31T12:46:28.158000Z
234,1.11542,1.11545,4690000.0572,1000000.0,2019-05-31T12:46:28.260000Z
235,1.11542,1.1154600000000001,2250000.0,2210000.0381,2019-05-31T12:46:28.362000Z
236,1.11543,1.1154600000000001,1000000.0,7690000.0572,2019-05-31T12:46:28.937000Z
237,1.11542,1.1154600000000001,3750000.0,5210000.0381,2019-05-31T12:46:29.244000Z
238,1.11542,1.1154600000000001,5619999.8856,4110000.1335,2019-05-31T12:46:29.490000Z
239,1.11542,1.1154600000000001,7619999.8856,7110000.1335,2019-05-31T12:46:29.637000Z
240,1.11542,1.1154600000000001,2000000.0,2509999.9905,2019-05-31T12:46:30.072000Z
241,1.11542,1.11545,7949999.8093,1000000.0,2019-05-31T12:46:30.703000Z
242,1.11542,1.1154600000000001,2000000.0,1759999.9905,2019-05-31T12:46:30.806000Z
243,1.11544,1.1154600000000001,1000000.0,4309999.9428,2019-05-31T12:46:31.257000Z
244,1.11544,1.1154700000000002,1500000.0,6369999.8856,2019-05-31T12:46:31.412000Z
245,1.11544,1.1154600000000001,1250000.0,1000000.0,2019-05-31T12:46:31.977000Z
246,1.11545,1.1154700000000002,1000000.0,6150000.0954,2019-05-31T12:46:32.079000Z
247,1.1154600000000001,1.1154700000000002,1000000.0,4650000.0954,2019-05-31T12:46:32.182000Z
248,1.11545,1.1154700000000002,1690000.0572,1120000.0048,2019-05-31T12:46:32.301000Z
249,1.11545,1.1154700000000002,4719999.7902,1120000.0048,2019-05-31T12:46:32.403000Z
250,1.11545,1.11548,3220000.0286,1870000.0048,2019-05-31T12:46:32.505000Z
251,1.11545,1.11549,1250000.0,6690000.0572,2019-05-31T12:46:32.726000Z
252,1.1154600000000001,1.11548,1500000.0,1500000.0,2019-05-31T12:46:33.018000Z
253,1.11545,1.1154700000000002,1250000.0,1000000.0,2019-05-31T12:46:33.143000Z
254,1.11544,1.1154700000000002,8199999.8093,1120000.0048,2019-05-31T12:46:33.347000Z
255,1.11545,1.1154700000000002,1000000.0,1120000.0048,2019-05-31T12:46:33.981000Z
256,1.11544,1.1154700000000002,6559999.9428,1500000.0,2019-05-31T12:46:34.083000Z
257,1.11544,1.1154700000000002,4940000.0572,1500000.0,2019-05-31T12:46:34.485000Z
258,1.11544,1.11548,6190000.0572,8520000.4578,2019-05-31T12:46:34.639000Z
259,1.11544,1.11548,4940000.0572,10439999.5804,2019-05-31T12:46:34.740000Z
260,1.11544,1.11548,4869999.8856,8000000.0,2019-05-31T12:46:34.900000Z
261,1.1154700000000002,1.11548,1250000.0,1870000.0048,2019-05-31T12:46:35.198000Z
262,1.1154700000000002,1.11549,2059999.9428,2250000.0,2019-05-31T12:46:35.307000Z
263,1.11548,1.11549,1500000.0,2250000.0,2019-05-31T12:46:35.669000Z
264,1.1154700000000002,1.11549,1990000.0095,2250000.0,2019-05-31T12:46:35.807000Z
265,1.1154600000000001,1.11549,2809999.9428,2619999.8856,2019-05-31T12:46:36.213000Z
266,1.1154700000000002,1.1155000000000002,1500000.0,8369999.8856,2019-05-31T12:46:36.377000Z
267,1.1154600000000001,1.1155000000000002,7869999.8856,6869999.8856,2019-05-31T12:46:36.480000Z
268,1.1154700000000002,1.1155000000000002,1000000.0,6869999.8856,2019-05-31T12:46:36.583000Z
269,1.1154600000000001,1.1155000000000002,5619999.8856,6869999.8856,2019-05-31T12:46:36.685000Z
270,1.11545,1.1154700000000002,1950000.0477,3000000.0,2019-05-31T12:46:37.100000Z
271,1.11543,1.1154600000000001,1000000.0,1120000.0048,2019-05-31T12:46:37.204000Z
272,1.11543,1.1154700000000002,1250000.0,11470000.267,2019-05-31T12:46:37.509000Z
273,1.11543,1.1154600000000001,1690000.0572,1500000.0,2019-05-31T12:46:37.719000Z
274,1.11543,1.1154700000000002,1250000.0,12210000.0381,2019-05-31T12:46:37.821000Z
275,1.11543,1.11545,1000000.0,3750000.0,2019-05-31T12:46:37.872000Z
276,1.11542,1.11545,7869999.8856,3000000.0,2019-05-31T12:46:37.974000Z
277,1.11542,1.1154600000000001,6449999.8093,4119999.8856,2019-05-31T12:46:38.076000Z
278,1.11543,1.11545,1000000.0,1000000.0,2019-05-31T12:46:38.446000Z
279,1.11542,1.1154600000000001,6449999.8093,1870000.0048,2019-05-31T12:46:38.700000Z
280,1.11543,1.1154600000000001,3940000.0572,6190000.0572,2019-05-31T12:46:39.108000Z
281,1.11542,1.1154600000000001,4570000.1717,1500000.0,2019-05-31T12:46:39.260000Z
282,1.11543,1.11545,1000000.0,1000000.0,2019-05-31T12:46:39.520000Z
283,1.11543,1.1154600000000001,1500000.0,5760000.2289,2019-05-31T12:46:39.724000Z
284,1.11542,1.1154600000000001,5019999.9809,1000000.0,2019-05-31T12:46:39.878000Z
285,1.11542,1.1154600000000001,4559999.9428,1690000.0572,2019-05-31T12:46:40.281000Z
286,1.11544,1.1154600000000001,1000000.0,1000000.0,2019-05-31T12:46:40.433000Z
287,1.11543,1.1154600000000001,1250000.0,1500000.0,2019-05-31T12:46:40.535000Z
288,1.11544,1.1154700000000002,1000000.0,7909999.8474,2019-05-31T12:46:41.684000Z
289,1.11545,1.11549,1309999.9428,8359999.6567,2019-05-31T12:46:41.736000Z
290,1.11545,1.11548,6750000.0,2019999.9809,2019-05-31T12:46:41.839000Z
291,1.1154600000000001,1.11549,1750000.0,3220000.0286,2019-05-31T12:46:41.891000Z
292,1.1154700000000002,1.1155000000000002,3640000.1049,4690000.0572,2019-05-31T12:46:41.994000Z
293,1.11548,1.1155000000000002,1000000.0,3000000.0,2019-05-31T12:46:42.764000Z
294,1.11549,1.11551,1000000.0,5619999.8856,2019-05-31T12:46:42.866000Z
295,1.11549,1.1155000000000002,1000000.0,1120000.0048,2019-05-31T12:46:42.993000Z
296,1.1154700000000002,1.1155000000000002,4010000.2289,1120000.0048,2019-05-31T12:46:43.095000Z
297,1.1154700000000002,1.1155000000000002,9439999.5804,1870000.0048,2019-05-31T12:46:43.452000Z
298,1.1155000000000002,1.11551,1500000.0,1500000.0,2019-05-31T12:46:43.655000Z
299,1.11551,1.11554,7119999.8856,3000000.0,2019-05-31T12:46:43.757000Z
300,1.11552,1.11555,1000000.0,1200000.0477,2019-05-31T12:46:43.861000Z
301,1.11553,1.11556,1250000.0,3559999.9428,2019-05-31T12:46:44.065000Z
302,1.11554,1.1155700000000002,3089999.9142,7650000.0954,2019-05-31T12:46:44.226000Z
303,1.11554,1.11556,3259999.9905,1870000.0048,2019-05-31T12:46:44.328000Z
304,1.11554,1.1155700000000002,1250000.0,3369999.8856,2019-05-31T12:46:44.430000Z
305,1.11554,1.1155700000000002,1250000.0,3000000.0,2019-05-31T12:46:44.634000Z
306,1.11555,1.11558,1000000.0,1570000.0525,2019-05-31T12:46:44.806000Z
307,1.11555,1.11559,2250000.0,8770000.4578,2019-05-31T12:46:44.959000Z
308,1.11555,1.11558,5559999.9428,1250000.0,2019-05-31T12:46:45.061000Z
309,1.11553,1.11555,3619999.8856,16610000.6104,2019-05-31T12:46:45.211000Z
310,1.11548,1.11552,2440000.0572,9069999.6948,2019-05-31T12:46:45.314000Z
311,1.11548,1.1155000000000002,2190000.0572,1500000.0,2019-05-31T12:46:45.367000Z
312,1.1154700000000002,1.11552,12000000.0,10500000.0,2019-05-31T12:46:45.470000Z
313,1.11548,1.11552,1000000.0,10310000.4196,2019-05-31T12:46:45.573000Z
314,1.11548,1.11552,1000000.0,10500000.0,2019-05-31T12:46:45.635000Z
315,1.11548,1.11551,3940000.0572,3470000.0286,2019-05-31T12:46:46.209000Z
316,1.1155700000000002,1.11558,1250000.0,6000000.0,2019-05-31T12:46:46.607000Z
317,1.11556,1.1155700000000002,3000000.0,1120000.0048,2019-05-31T12:46:46.723000Z
318,1.11556,1.11558,2869999.8856,3069999.9332,2019-05-31T12:46:46.826000Z
319,1.11555,1.11558,1000000.0,3450000.0477,2019-05-31T12:46:46.878000Z
320,1.11555,1.1155700000000002,1000000.0,1500000.0,2019-05-31T12:46:47.032000Z
321,1.11553,1.1155700000000002,1870000.0048,4570000.1717,2019-05-31T12:46:47.188000Z
322,1.11553,1.11556,2250000.0,1570000.0525,2019-05-31T12:46:47.291000Z
323,1.11552,1.1155700000000002,4869999.8856,9270000.4578,2019-05-31T12:46:47.444000Z
324,1.11552,1.1155700000000002,5519999.9809,9569999.6948,2019-05-31T12:46:48.379000Z
325,1.11552,1.11556,6000000.0,2700000.0477,2019-05-31T12:46:51.598000Z
326,1.11552,1.11554,2369999.8856,1250000.0,2019-05-31T12:46:51.679000Z
327,1.1155000000000002,1.11553,1000000.0,1000000.0,2019-05-31T12:46:51.732000Z
328,1.11549,1.11553,1500000.0,1009999.9905,2019-05-31T12:46:51.835000Z
329,1.11549,1.11553,3750000.0,1860000.0143,2019-05-31T12:46:51.937000Z
330,1.1155000000000002,1.11553,4309999.9428,1269999.9809,2019-05-31T12:46:52.721000Z
331,1.11552,1.11555,1870000.0048,9210000.0381,2019-05-31T12:46:52.773000Z
332,1.11551,1.11554,8810000.4196,1200000.0477,2019-05-31T12:46:52.875000Z
333,1.11552,1.11555,1500000.0,5250000.0,2019-05-31T12:46:53.011000Z
334,1.11551,1.11555,6559999.9428,3000000.0,2019-05-31T12:46:53.301000Z
335,1.11552,1.11555,1000000.0,4500000.0,2019-05-31T12:46:53.454000Z
336,1.11551,1.11555,7309999.9428,3000000.0,2019-05-31T12:46:53.556000Z
337,1.11552,1.11555,1000000.0,4119999.8856,2019-05-31T12:46:53.755000Z
338,1.11551,1.11554,10810000.4196,1000000.0,2019-05-31T12:46:54.114000Z
339,1.11551,1.11554,9560000.4196,1000000.0,2019-05-31T12:46:54.931000Z
340,1.11552,1.11555,3000000.0,1500000.0,2019-05-31T12:46:55.314000Z
341,1.11551,1.11555,9189999.5804,1000000.0,2019-05-31T12:46:55.467000Z
342,1.11552,1.11555,1000000.0,3069999.9332,2019-05-31T12:46:55.569000Z
343,1.11551,1.11555,9939999.5804,1570000.0525,2019-05-31T12:46:55.671000Z
344,1.11552,1.11555,3000000.0,1570000.0525,2019-05-31T12:46:55.775000Z
345,1.11551,1.11555,10689999.5804,1100000.0238,2019-05-31T12:46:55.978000Z
346,1.11552,1.11555,2250000.0,1950000.0477,2019-05-31T12:46:56.163000Z
347,1.11551,1.11555,11439999.5804,1570000.0525,2019-05-31T12:46:56.266000Z
348,1.11551,1.11555,12310000.4196,2319999.9332,2019-05-31T12:46:56.878000Z
349,1.11553,1.11555,1000000.0,1000000.0,2019-05-31T12:46:58.834000Z
350,1.11553,1.11555,3250000.0,1000000.0,2019-05-31T12:46:58.938000Z
351,1.11553,1.11556,9939999.5804,2440000.0572,2019-05-31T12:46:59.070000Z
352,1.11554,1.11556,1309999.9428,2309999.9428,2019-05-31T12:46:59.427000Z
353,1.11555,1.11556,1000000.0,1000000.0,2019-05-31T12:46:59.830000Z
354,1.11556,1.11558,1690000.0572,3150000.0954,2019-05-31T12:46:59.882000Z
355,1.1155700000000002,1.11558,1250000.0,1000000.0,2019-05-31T12:46:59.984000Z
356,1.11556,1.1156000000000001,10250000.0,3900000.0954,2019-05-31T12:47:00.086000Z
357,1.1155700000000002,1.11559,8619999.8856,1000000.0,2019-05-31T12:47:00.419000Z
358,1.1155700000000002,1.11559,1500000.0,1000000.0,2019-05-31T12:47:01.188000Z
359,1.1155700000000002,1.1156000000000001,1500000.0,1309999.9428,2019-05-31T12:47:01.681000Z
360,1.1155700000000002,1.1156000000000001,1870000.0048,1120000.0048,2019-05-31T12:47:01.783000Z
361,1.11558,1.1156000000000001,1000000.0,1870000.0048,2019-05-31T12:47:01.885000Z
362,1.1155700000000002,1.1156000000000001,1870000.0048,1870000.0048,2019-05-31T12:47:01.996000Z
363,1.11558,1.1156000000000001,1750000.0,4090000.1526,2019-05-31T12:47:04.261000Z
364,1.1156000000000001,1.11561,1690000.0572,2019999.9809,2019-05-31T12:47:04.363000Z
365,1.1156000000000001,1.11563,1500000.0,2609999.8951,2019-05-31T12:47:04.465000Z
366,1.11559,1.11562,1610000.0143,1100000.0238,2019-05-31T12:47:04.619000Z
367,1.11558,1.11562,3750000.0,2700000.0477,2019-05-31T12:47:04.721000Z
368,1.11558,1.11562,2250000.0,4800000.1907,2019-05-31T12:47:04.824000Z
369,1.11559,1.11562,1250000.0,4269999.9809,2019-05-31T12:47:04.926000Z
370,1.11558,1.11562,3000000.0,2150000.0954,2019-05-31T12:47:05.176000Z
371,1.1155700000000002,1.11561,5440000.0572,2049999.9523,2019-05-31T12:47:05.361000Z
372,1.11558,1.11561,1500000.0,1100000.0238,2019-05-31T12:47:05.464000Z
373,1.11558,1.11562,2000000.0,2769999.9809,2019-05-31T12:47:06.115000Z
374,1.11558,1.11562,2000000.0,6110000.1335,2019-05-31T12:47:06.217000Z
375,1.11558,1.11561,2809999.9428,1000000.0,2019-05-31T12:47:06.471000Z
376,1.11558,1.11561,4559999.9428,1669999.9571,2019-05-31T12:47:06.633000Z
377,1.11559,1.11561,3190000.0572,1000000.0,2019-05-31T12:47:06.737000Z
378,1.11558,1.11562,1000000.0,6340000.1526,2019-05-31T12:47:06.840000Z
379,1.11558,1.11561,3619999.8856,3150000.0954,2019-05-31T12:47:06.943000Z
380,1.11559,1.11561,1250000.0,1649999.9762,2019-05-31T12:47:07.045000Z
381,1.11559,1.11562,1250000.0,1269999.9809,2019-05-31T12:47:07.398000Z
382,1.11559,1.11562,5750000.0,1299999.9523,2019-05-31T12:47:07.500000Z
383,1.11559,1.11562,7250000.0,1000000.0,2019-05-31T12:47:07.602000Z
384,1.1156000000000001,1.11563,2940000.0572,4159999.8474,2019-05-31T12:47:07.708000Z
385,1.11561,1.11563,1179999.9475,5610000.1335,2019-05-31T12:47:07.810000Z
386,1.11561,1.11563,1179999.9475,5590000.1526,2019-05-31T12:47:07.923000Z
387,1.11561,1.11564,4559999.9428,10409999.8474,2019-05-31T12:47:08.586000Z
388,1.11561,1.11565,12489999.7711,2809999.9428,2019-05-31T12:47:08.638000Z
389,1.11561,1.11565,9869999.8856,3640000.1049,2019-05-31T12:47:08.740000Z
390,1.11561,1.11564,4690000.0572,1000000.0,2019-05-31T12:47:09.187000Z
391,1.1156000000000001,1.11563,3750000.0,1419999.9571,2019-05-31T12:47:09.239000Z
392,1.1156000000000001,1.11563,3990000.0095,1500000.0,2019-05-31T12:47:09.747000Z
393,1.1156000000000001,1.11564,1309999.9428,8710000.0381,2019-05-31T12:47:09.926000Z
394,1.11561,1.11563,1000000.0,1570000.0525,2019-05-31T12:47:10.284000Z
395,1.1156000000000001,1.11564,1870000.0048,3900000.0954,2019-05-31T12:47:10.538000Z
396,1.11561,1.11563,1000000.0,1000000.0,2019-05-31T12:47:10.691000Z
397,1.11561,1.11564,7610000.1335,1269999.9809,2019-05-31T12:47:10.796000Z
398,1.11561,1.11565,6110000.1335,3500000.0,2019-05-31T12:47:11.209000Z
399,1.11562,1.11565,1120000.0048,4809999.9428,2019-05-31T12:47:11.310000Z
400,1.11562,1.11565,3039999.9619,5559999.9428,2019-05-31T12:47:11.782000Z
401,1.11563,1.11565,1000000.0,2440000.0572,2019-05-31T12:47:11.884000Z
402,1.11563,1.11566,1690000.0572,1120000.0048,2019-05-31T12:47:12.090000Z
403,1.11563,1.11566,3940000.0572,1120000.0048,2019-05-31T12:47:12.193000Z
404,1.11563,1.11565,1250000.0,1000000.0,2019-05-31T12:47:12.296000Z
405,1.11563,1.11566,1690000.0572,1100000.0238,2019-05-31T12:47:12.546000Z
406,1.11566,1.11569,4539999.9619,1120000.0048,2019-05-31T12:47:13.210000Z
407,1.11569,1.11571,1750000.0,2019999.9809,2019-05-31T12:47:13.313000Z
408,1.11569,1.11572,2809999.9428,1690000.0572,2019-05-31T12:47:13.415000Z
409,1.11572,1.1157299999999999,1250000.0,1649999.9762,2019-05-31T12:47:13.466000Z
410,1.1157299999999999,1.11576,1000000.0,3200000.0477,2019-05-31T12:47:13.581000Z
411,1.11572,1.1157700000000002,1000000.0,7650000.0954,2019-05-31T12:47:13.684000Z
412,1.11572,1.1157700000000002,3410000.0858,8399999.6185,2019-05-31T12:47:14.077000Z
413,1.11574,1.1157700000000002,1500000.0,4960000.0381,2019-05-31T12:47:14.179000Z
414,1.1157299999999999,1.1157700000000002,1500000.0,5349999.9046,2019-05-31T12:47:14.282000Z
415,1.1157299999999999,1.1157700000000002,1559999.9428,7179999.8283,2019-05-31T12:47:14.464000Z
416,1.1157299999999999,1.1157700000000002,1500000.0,5420000.0763,2019-05-31T12:47:14.572000Z
417,1.1157299999999999,1.1157700000000002,1000000.0,10859999.6567,2019-05-31T12:47:14.726000Z
418,1.1157299999999999,1.11576,1559999.9428,1250000.0,2019-05-31T12:47:14.828000Z
419,1.1157299999999999,1.1157700000000002,1500000.0,5179999.8283,2019-05-31T12:47:14.930000Z
420,1.1157299999999999,1.11576,1500000.0,1120000.0048,2019-05-31T12:47:15.033000Z
421,1.1157299999999999,1.11576,1559999.9428,1200000.0477,2019-05-31T12:47:15.135000Z
422,1.1157299999999999,1.1157700000000002,4190000.0572,10869999.8856,2019-05-31T12:47:15.341000Z
423,1.1157299999999999,1.1157700000000002,1690000.0572,5510000.2289,2019-05-31T12:47:15.444000Z
424,1.11576,1.1157700000000002,1000000.0,2279999.9714,2019-05-31T12:47:15.495000Z
425,1.11575,1.1157700000000002,2809999.9428,1120000.0048,2019-05-31T12:47:15.598000Z
426,1.11574,1.1157700000000002,2619999.8856,1500000.0,2019-05-31T12:47:15.700000Z
427,1.11574,1.11576,2250000.0,1120000.0048,2019-05-31T12:47:15.803000Z
428,1.11574,1.11578,6000000.0,1620000.0048,2019-05-31T12:47:15.905000Z
429,1.11575,1.11578,1000000.0,1889999.9857,2019-05-31T12:47:16.109000Z
430,1.11574,1.11578,3750000.0,12500000.0,2019-05-31T12:47:16.549000Z
431,1.11574,1.11578,5380000.1144,5320000.1717,2019-05-31T12:47:16.652000Z
432,1.11574,1.1157700000000002,1309999.9428,1250000.0,2019-05-31T12:47:16.763000Z
433,1.11575,1.1157700000000002,1000000.0,1690000.0572,2019-05-31T12:47:16.865000Z
434,1.11574,1.1157700000000002,1309999.9428,1250000.0,2019-05-31T12:47:16.967000Z
435,1.11575,1.1157700000000002,1000000.0,3000000.0,2019-05-31T12:47:17.311000Z
436,1.11576,1.11578,1000000.0,1870000.0048,2019-05-31T12:47:17.413000Z
437,1.1157700000000002,1.1158000000000001,1250000.0,4860000.1335,2019-05-31T12:47:17.515000Z
438,1.1157700000000002,1.1158000000000001,1250000.0,2809999.9428,2019-05-31T12:47:17.619000Z
439,1.11579,1.1158100000000002,1250000.0,4119999.8856,2019-05-31T12:47:17.874000Z
440,1.11578,1.1158100000000002,1120000.0048,2450000.0477,2019-05-31T12:47:17.977000Z
441,1.11579,1.1158100000000002,1000000.0,4440000.0572,2019-05-31T12:47:18.130000Z
442,1.11578,1.1158100000000002,1120000.0048,1620000.0048,2019-05-31T12:47:18.232000Z
443,1.11579,1.1158100000000002,1250000.0,2750000.0,2019-05-31T12:47:18.523000Z
444,1.11579,1.11582,1690000.0572,1500000.0,2019-05-31T12:47:18.574000Z
445,1.1158000000000001,1.11582,1000000.0,1500000.0,2019-05-31T12:47:20.725000Z
446,1.11579,1.11582,1309999.9428,1200000.0477,2019-05-31T12:47:20.906000Z
447,1.1158100000000002,1.11584,1000000.0,5469999.7902,2019-05-31T12:47:20.958000Z
448,1.1158100000000002,1.11584,9369999.8856,1000000.0,2019-05-31T12:47:21.060000Z
449,1.1158100000000002,1.11585,10689999.5804,2769999.9809,2019-05-31T12:47:21.163000Z
450,1.11582,1.11584,1120000.0048,1000000.0,2019-05-31T12:47:21.266000Z
451,1.1158100000000002,1.11585,2940000.0572,4690000.0572,2019-05-31T12:47:21.384000Z
452,1.11582,1.11584,1000000.0,1000000.0,2019-05-31T12:47:21.486000Z
453,1.1158299999999999,1.11584,1870000.0048,1000000.0,2019-05-31T12:47:21.742000Z
454,1.11582,1.11584,1309999.9428,1000000.0,2019-05-31T12:47:21.946000Z
455,1.1158299999999999,1.11585,2309999.9428,5019999.9809,2019-05-31T12:47:22.304000Z
456,1.11585,1.11586,1120000.0048,1120000.0048,2019-05-31T12:47:22.406000Z
457,1.11584,1.11586,1000000.0,3000000.0,2019-05-31T12:47:22.514000Z
458,1.11584,1.11585,1000000.0,1570000.0525,2019-05-31T12:47:22.616000Z
459,1.11582,1.11585,1120000.0048,2000000.0,2019-05-31T12:47:22.718000Z
460,1.1158299999999999,1.11585,1000000.0,1500000.0,2019-05-31T12:47:22.975000Z
461,1.1158100000000002,1.11585,5940000.0572,1500000.0,2019-05-31T12:47:23.771000Z
462,1.11584,1.11585,1000000.0,1120000.0048,2019-05-31T12:47:25.829000Z
463,1.1158299999999999,1.11585,1500000.0,1500000.0,2019-05-31T12:47:25.931000Z
464,1.11582,1.1158299999999999,1000000.0,2059999.9428,2019-05-31T12:47:26.085000Z
465,1.11579,1.1158000000000001,1250000.0,1000000.0,2019-05-31T12:47:26.188000Z
466,1.1157700000000002,1.11579,4309999.9428,1000000.0,2019-05-31T12:47:26.289000Z
467,1.1157700000000002,1.1158000000000001,1250000.0,1250000.0,2019-05-31T12:47:26.391000Z
468,1.11574,1.1157700000000002,12010000.2289,1000000.0,2019-05-31T12:47:26.494000Z
469,1.11574,1.1157700000000002,1309999.9428,5960000.0381,2019-05-31T12:47:26.647000Z
470,1.1157299999999999,1.1157700000000002,2619999.8856,7199999.8093,2019-05-31T12:47:26.796000Z
471,1.1157299999999999,1.11576,1120000.0048,1000000.0,2019-05-31T12:47:26.898000Z
472,1.11572,1.11575,6159999.8474,1000000.0,2019-05-31T12:47:27.204000Z
473,1.11572,1.11575,5469999.7902,1000000.0,2019-05-31T12:47:27.753000Z
474,1.11575,1.11576,1500000.0,1100000.0238,2019-05-31T12:47:28.009000Z
475,1.11579,1.1158000000000001,1309999.9428,2319999.9332,2019-05-31T12:47:28.111000Z
476,1.1158000000000001,1.1158100000000002,3000000.0,2250000.0,2019-05-31T12:47:28.246000Z
477,1.1158100000000002,1.11582,3559999.9428,1000000.0,2019-05-31T12:47:28.297000Z
478,1.11582,1.11584,3000000.0,4869999.8856,2019-05-31T12:47:28.399000Z
479,1.1158000000000001,1.11584,3420000.0763,3640000.1049,2019-05-31T12:47:28.552000Z
480,1.11582,1.11584,1000000.0,1000000.0,2019-05-31T12:47:28.875000Z
481,1.11584,1.11585,1250000.0,3000000.0,2019-05-31T12:47:29.505000Z
482,1.11585,1.1158700000000001,3190000.0572,2450000.0477,2019-05-31T12:47:29.556000Z
483,1.11586,1.11589,1500000.0,5099999.9046,2019-05-31T12:47:29.609000Z
484,1.1158700000000001,1.11589,1690000.0572,1500000.0,2019-05-31T12:47:29.712000Z
485,1.1159100000000002,1.11592,1690000.0572,2619999.8856,2019-05-31T12:47:31.174000Z
486,1.11592,1.11594,1870000.0048,1250000.0,2019-05-31T12:47:31.279000Z
487,1.1159100000000002,1.11596,5639999.8665,6769999.9809,2019-05-31T12:47:31.382000Z
488,1.1159100000000002,1.11595,3190000.0572,2250000.0,2019-05-31T12:47:32.246000Z
489,1.1159100000000002,1.11594,8789999.9619,1120000.0048,2019-05-31T12:47:32.570000Z
490,1.1159100000000002,1.11595,7969999.7902,4500000.0,2019-05-31T12:47:32.672000Z
491,1.11592,1.11595,1500000.0,3369999.8856,2019-05-31T12:47:33.153000Z
492,1.11594,1.1159700000000001,3619999.8856,3569999.9332,2019-05-31T12:47:33.257000Z
493,1.1159700000000001,1.11598,1870000.0048,1120000.0048,2019-05-31T12:47:33.448000Z
494,1.11599,1.116,1120000.0048,1500000.0,2019-05-31T12:47:33.500000Z
495,1.11599,1.1160100000000002,4400000.0954,1000000.0,2019-05-31T12:47:33.602000Z
496,1.11598,1.1160200000000002,3000000.0,2000000.0,2019-05-31T12:47:33.761000Z
497,1.11599,1.1160200000000002,1120000.0048,3700000.0477,2019-05-31T12:47:33.863000Z
498,1.11599,1.1160200000000002,3940000.0572,1870000.0048,2019-05-31T12:47:33.965000Z
499,1.1160100000000002,1.1160200000000002,3000000.0,1690000.0572,2019-05-31T12:47:34.030000Z
500,1.11599,1.1160100000000002,1000000.0,4690000.0572,2019-05-31T12:47:34.084000Z
501,1.11596,1.1160100000000002,3710000.0381,14699999.8093,2019-05-31T12:47:34.212000Z
502,1.1159700000000001,1.1160100000000002,3000000.0,13460000.0381,2019-05-31T12:47:34.314000Z
503,1.1159700000000001,1.116,1000000.0,1870000.0048,2019-05-31T12:47:34.467000Z
504,1.1159700000000001,1.116,1000000.0,2619999.8856,2019-05-31T12:47:34.581000Z
505,1.11596,1.116,5139999.8665,2809999.9428,2019-05-31T12:47:34.683000Z
506,1.11596,1.116,7760000.2289,3809999.9428,2019-05-31T12:47:34.835000Z
507,1.11596,1.116,4760000.2289,2809999.9428,2019-05-31T12:47:34.937000Z
508,1.11596,1.116,7889999.8665,3809999.9428,2019-05-31T12:47:35.038000Z
509,1.11596,1.116,4889999.8665,2809999.9428,2019-05-31T12:47:35.171000Z
510,1.11596,1.116,8640000.3433,3809999.9428,2019-05-31T12:47:35.272000Z
511,1.11596,1.116,4889999.8665,2809999.9428,2019-05-31T12:47:35.374000Z
512,1.11596,1.1160100000000002,8010000.2289,6369999.8856,2019-05-31T12:47:35.695000Z
513,1.11596,1.1160100000000002,4199999.8093,8899999.6185,2019-05-31T12:47:35.798000Z
514,1.1159700000000001,1.1160100000000002,1000000.0,11460000.0381,2019-05-31T12:47:36.001000Z
515,1.11596,1.11599,2019999.9809,1120000.0048,2019-05-31T12:47:36.132000Z
516,1.11594,1.1159700000000001,1000000.0,4269999.9809,2019-05-31T12:47:36.184000Z
517,1.11592,1.11596,2000000.0,1500000.0,2019-05-31T12:47:36.286000Z
518,1.11592,1.11596,3369999.8856,5269999.9809,2019-05-31T12:47:36.701000Z
519,1.11592,1.11596,1120000.0048,5070000.1717,2019-05-31T12:47:36.805000Z
520,1.11592,1.11596,7119999.8856,3069999.9332,2019-05-31T12:47:37.161000Z
521,1.11593,1.11596,2250000.0,3069999.9332,2019-05-31T12:47:37.334000Z
522,1.11592,1.11596,3559999.9428,2250000.0,2019-05-31T12:47:37.486000Z
523,1.11593,1.1159700000000001,2619999.8856,6340000.1526,2019-05-31T12:47:38.252000Z
524,1.11592,1.1159700000000001,1870000.0048,7010000.2289,2019-05-31T12:47:38.354000Z
525,1.11593,1.11596,1500000.0,1500000.0,2019-05-31T12:47:38.506000Z
526,1.11592,1.11596,2619999.8856,1000000.0,2019-05-31T12:47:38.608000Z
527,1.11592,1.11595,1000000.0,1690000.0572,2019-05-31T12:47:38.762000Z
528,1.1159100000000002,1.11595,6190000.0572,1690000.0572,2019-05-31T12:47:38.914000Z
529,1.11592,1.11595,1000000.0,1250000.0,2019-05-31T12:47:39.121000Z
530,1.1159100000000002,1.11593,2619999.8856,1000000.0,2019-05-31T12:47:39.224000Z
531,1.11594,1.11595,4309999.9428,6219999.7902,2019-05-31T12:47:39.327000Z
532,1.1159700000000001,1.1160100000000002,1690000.0572,8250000.0,2019-05-31T12:47:39.378000Z
533,1.11598,1.116,1000000.0,4199999.8093,2019-05-31T12:47:39.484000Z
534,1.1159700000000001,1.116,2619999.8856,7820000.1717,2019-05-31T12:47:39.586000Z
535,1.1159700000000001,1.116,1870000.0048,1250000.0,2019-05-31T12:47:39.992000Z
536,1.11599,1.1160100000000002,2440000.0572,4349999.9046,2019-05-31T12:47:40.043000Z
537,1.11598,1.11599,5250000.0,1120000.0048,2019-05-31T12:47:40.148000Z
538,1.11596,1.11598,2609999.8951,1000000.0,2019-05-31T12:47:40.199000Z
539,1.11596,1.11598,1149999.9762,1250000.0,2019-05-31T12:47:40.303000Z
540,1.11596,1.116,1500000.0,4389999.8665,2019-05-31T12:47:40.457000Z
541,1.11596,1.116,4869999.8856,4489999.7711,2019-05-31T12:47:40.563000Z
542,1.11596,1.116,2619999.8856,2440000.0572,2019-05-31T12:47:40.665000Z
543,1.1159700000000001,1.116,1870000.0048,3940000.0572,2019-05-31T12:47:40.919000Z
544,1.11596,1.116,2440000.0572,1500000.0,2019-05-31T12:47:41.444000Z
545,1.1159700000000001,1.116,1870000.0048,1500000.0,2019-05-31T12:47:41.648000Z
546,1.11599,1.1160100000000002,3940000.0572,1000000.0,2019-05-31T12:47:43.569000Z
547,1.1160100000000002,1.11603,2440000.0572,1100000.0238,2019-05-31T12:47:43.621000Z
548,1.1160100000000002,1.11605,7869999.8856,4650000.0954,2019-05-31T12:47:43.672000Z
549,1.1160100000000002,1.1160200000000002,4500000.0,1000000.0,2019-05-31T12:47:43.723000Z
550,1.11599,1.116,2250000.0,1120000.0048,2019-05-31T12:47:43.827000Z
551,1.11596,1.1160100000000002,5059999.9428,7210000.0381,2019-05-31T12:47:44.134000Z
552,1.11598,1.116,1000000.0,3640000.1049,2019-05-31T12:47:44.186000Z
553,1.11596,1.116,1120000.0048,4010000.2289,2019-05-31T12:47:44.303000Z
554,1.11596,1.11598,2299999.9523,1000000.0,2019-05-31T12:47:44.456000Z
555,1.11594,1.11598,5159999.8474,1870000.0048,2019-05-31T12:47:44.559000Z
556,1.11592,1.11596,3119999.8856,1120000.0048,2019-05-31T12:47:44.721000Z
557,1.1159100000000002,1.11596,6500000.0,4960000.0381,2019-05-31T12:47:44.823000Z
558,1.1159100000000002,1.11593,1870000.0048,1000000.0,2019-05-31T12:47:45.251000Z
559,1.11589,1.1159100000000002,1690000.0572,1000000.0,2019-05-31T12:47:45.353000Z
560,1.11588,1.11592,4349999.9046,4019999.9809,2019-05-31T12:47:45.509000Z
561,1.1159000000000001,1.11592,1500000.0,3200000.0477,2019-05-31T12:47:45.611000Z
562,1.1159000000000001,1.11593,1500000.0,4840000.1526,2019-05-31T12:47:45.751000Z
563,1.11589,1.11592,1309999.9428,1000000.0,2019-05-31T12:47:45.903000Z
564,1.11588,1.1159100000000002,2869999.8856,1500000.0,2019-05-31T12:47:46.057000Z
565,1.11588,1.1159100000000002,1000000.0,1000000.0,2019-05-31T12:47:46.159000Z
566,1.1158700000000001,1.11592,5250000.0,7199999.8093,2019-05-31T12:47:46.261000Z
567,1.1158700000000001,1.11592,4309999.9428,8010000.2289,2019-05-31T12:47:46.376000Z
568,1.1158700000000001,1.11592,5250000.0,7199999.8093,2019-05-31T12:47:46.529000Z
569,1.1158700000000001,1.11592,2809999.9428,9510000.2289,2019-05-31T12:47:46.683000Z
570,1.11588,1.11592,1000000.0,8760000.2289,2019-05-31T12:47:46.785000Z
571,1.1158700000000001,1.11592,2809999.9428,10340000.1526,2019-05-31T12:47:46.887000Z
572,1.11588,1.1159100000000002,1000000.0,3190000.0572,2019-05-31T12:47:47.103000Z
573,1.1158700000000001,1.1159000000000001,1690000.0572,2809999.9428,2019-05-31T12:47:47.206000Z
574,1.1159000000000001,1.1159100000000002,1000000.0,1000000.0,2019-05-31T12:47:48.788000Z
575,1.11589,1.11593,4000000.0,3819999.9332,2019-05-31T12:47:48.841000Z
576,1.11588,1.11592,6559999.9428,1000000.0,2019-05-31T12:47:48.943000Z
577,1.11588,1.11592,6659999.8474,7809999.9428,2019-05-31T12:47:49.147000Z
578,1.1158700000000001,1.1159000000000001,1309999.9428,1120000.0048,2019-05-31T12:47:49.250000Z
579,1.11588,1.1159000000000001,1000000.0,1000000.0,2019-05-31T12:47:49.618000Z
580,1.1158700000000001,1.1159000000000001,1950000.0477,1500000.0,2019-05-31T12:47:50.223000Z
581,1.11588,1.1159000000000001,1000000.0,1500000.0,2019-05-31T12:47:50.528000Z
582,1.1158700000000001,1.1159000000000001,4570000.1717,1500000.0,2019-05-31T12:47:51.123000Z
583,1.1158700000000001,1.1159000000000001,3619999.8856,2250000.0,2019-05-31T12:47:51.934000Z
584,1.1158700000000001,1.1159000000000001,1690000.0572,1000000.0,2019-05-31T12:47:52.915000Z
585,1.11588,1.1159000000000001,1000000.0,1500000.0,2019-05-31T12:47:53.713000Z
586,1.1158700000000001,1.1159000000000001,3369999.8856,1500000.0,2019-05-31T12:47:53.818000Z
587,1.11588,1.1159000000000001,1000000.0,1870000.0048,2019-05-31T12:47:56.169000Z
588,1.1158700000000001,1.1159000000000001,1690000.0572,1120000.0048,2019-05-31T12:47:56.399000Z
589,1.11588,1.1159100000000002,1000000.0,9869999.8856,2019-05-31T12:47:58.427000Z
590,1.1158700000000001,1.1159100000000002,3549999.9523,8369999.8856,2019-05-31T12:47:58.529000Z
591,1.1158700000000001,1.1159100000000002,1309999.9428,4119999.8856,2019-05-31T12:47:59.075000Z
592,1.1158700000000001,1.1159100000000002,1309999.9428,4250000.0,2019-05-31T12:47:59.262000Z
593,1.11588,1.1159000000000001,1000000.0,1120000.0048,2019-05-31T12:47:59.363000Z
594,1.1158700000000001,1.1159100000000002,1250000.0,5190000.0572,2019-05-31T12:47:59.465000Z
595,1.11588,1.1159000000000001,1000000.0,1120000.0048,2019-05-31T12:47:59.969000Z
596,1.1158700000000001,1.1159000000000001,1759999.9905,1500000.0,2019-05-31T12:48:00.071000Z
597,1.1158700000000001,1.1159100000000002,2250000.0,6789999.9619,2019-05-31T12:48:00.173000Z
598,1.1158700000000001,1.11589,1000000.0,1500000.0,2019-05-31T12:48:00.652000Z
599,1.11586,1.11588,1570000.0525,1870000.0048,2019-05-31T12:48:00.754000Z
600,1.11585,1.1158700000000001,1500000.0,4500000.0,2019-05-31T12:48:00.806000Z
601,1.11582,1.11585,6900000.0954,1250000.0,2019-05-31T12:48:00.908000Z
602,1.11582,1.11586,5000000.0,4210000.0381,2019-05-31T12:48:01.460000Z
603,1.1158299999999999,1.11586,3369999.8856,4210000.0381,2019-05-31T12:48:01.613000Z
604,1.11582,1.1158299999999999,2619999.8856,1000000.0,2019-05-31T12:48:01.770000Z
605,1.1158100000000002,1.11585,9819999.6948,4500000.0,2019-05-31T12:48:01.873000Z
606,1.1158000000000001,1.1158100000000002,3819999.9332,1250000.0,2019-05-31T12:48:02.291000Z
607,1.11579,1.1158000000000001,1000000.0,1309999.9428,2019-05-31T12:48:02.393000Z
608,1.1157700000000002,1.1158000000000001,2440000.0572,1000000.0,2019-05-31T12:48:02.445000Z
609,1.1157700000000002,1.1158000000000001,2250000.0,2500000.0,2019-05-31T12:48:02.547000Z
610,1.11578,1.1158000000000001,1000000.0,1750000.0,2019-05-31T12:48:02.867000Z
611,1.1157700000000002,1.1158000000000001,2250000.0,1250000.0,2019-05-31T12:48:02.969000Z
612,1.1158000000000001,1.11582,1500000.0,4389999.8665,2019-05-31T12:48:03.072000Z
613,1.1158100000000002,1.1158299999999999,2440000.0572,1450000.0477,2019-05-31T12:48:03.174000Z
614,1.1158100000000002,1.11584,3869999.8856,5619999.8856,2019-05-31T12:48:03.286000Z
615,1.11582,1.11584,1120000.0048,2440000.0572,2019-05-31T12:48:03.390000Z
616,1.1158100000000002,1.11584,2509999.9905,2809999.9428,2019-05-31T12:48:03.543000Z
617,1.11579,1.1158299999999999,6070000.1717,1000000.0,2019-05-31T12:48:03.645000Z
618,1.11579,1.11582,2250000.0,1309999.9428,2019-05-31T12:48:03.748000Z
619,1.11579,1.1158100000000002,1500000.0,1500000.0,2019-05-31T12:48:03.859000Z
620,1.1158000000000001,1.1158100000000002,1000000.0,1500000.0,2019-05-31T12:48:04.063000Z
621,1.11579,1.1158100000000002,3000000.0,1500000.0,2019-05-31T12:48:04.165000Z
622,1.1158000000000001,1.1158100000000002,2250000.0,1500000.0,2019-05-31T12:48:04.266000Z
623,1.11579,1.1158100000000002,1500000.0,1000000.0,2019-05-31T12:48:04.439000Z
624,1.1158000000000001,1.1158100000000002,1000000.0,1000000.0,2019-05-31T12:48:04.905000Z
625,1.11578,1.1158100000000002,3000000.0,6869999.8856,2019-05-31T12:48:05.362000Z
626,1.1157700000000002,1.1158100000000002,8890000.3433,3119999.8856,2019-05-31T12:48:05.465000Z
627,1.11579,1.1158100000000002,1500000.0,3309999.9428,2019-05-31T12:48:05.567000Z
628,1.11578,1.1158100000000002,3000000.0,2559999.9428,2019-05-31T12:48:05.668000Z
629,1.11579,1.1158100000000002,1500000.0,2369999.8856,2019-05-31T12:48:05.865000Z
630,1.11578,1.1158100000000002,3190000.0572,1500000.0,2019-05-31T12:48:05.968000Z
631,1.11578,1.1158100000000002,3250000.0,1500000.0,2019-05-31T12:48:06.363000Z
632,1.11578,1.1158100000000002,3190000.0572,3500000.0,2019-05-31T12:48:06.516000Z
633,1.11579,1.1158100000000002,1500000.0,4250000.0,2019-05-31T12:48:07.419000Z
634,1.11578,1.1158100000000002,1500000.0,2940000.0572,2019-05-31T12:48:07.733000Z
635,1.11578,1.1158100000000002,1000000.0,2440000.0572,2019-05-31T12:48:07.837000Z
636,1.11579,1.1158100000000002,1000000.0,1690000.0572,2019-05-31T12:48:07.990000Z
637,1.11578,1.1158100000000002,2250000.0,1690000.0572,2019-05-31T12:48:08.092000Z
638,1.11579,1.1158100000000002,1500000.0,1690000.0572,2019-05-31T12:48:08.194000Z
639,1.11578,1.1158100000000002,1500000.0,1250000.0,2019-05-31T12:48:08.383000Z
640,1.11579,1.11582,1500000.0,7559999.9428,2019-05-31T12:48:08.841000Z
641,1.11578,1.11582,1500000.0,6059999.9428,2019-05-31T12:48:08.943000Z
642,1.11579,1.1158100000000002,1500000.0,1250000.0,2019-05-31T12:48:09.240000Z
643,1.11578,1.11582,2440000.0572,2119999.8856,2019-05-31T12:48:09.418000Z
644,1.11579,1.11582,1500000.0,5119999.8856,2019-05-31T12:48:09.519000Z
645,1.11578,1.11582,1690000.0572,5119999.8856,2019-05-31T12:48:10.096000Z
646,1.11579,1.11582,1500000.0,8869999.8856,2019-05-31T12:48:10.248000Z
647,1.11578,1.11582,1759999.9905,5869999.8856,2019-05-31T12:48:10.350000Z
648,1.11582,1.1158299999999999,1000000.0,2589999.9142,2019-05-31T12:48:10.944000Z
649,1.1158299999999999,1.11584,1000000.0,1009999.9905,2019-05-31T12:48:11.048000Z
650,1.1158299999999999,1.11586,3750000.0,1120000.0048,2019-05-31T12:48:11.099000Z
651,1.11586,1.11589,2619999.8856,4570000.1717,2019-05-31T12:48:11.202000Z
652,1.1158700000000001,1.1159000000000001,2440000.0572,3369999.8856,2019-05-31T12:48:11.304000Z
653,1.11588,1.1159000000000001,2059999.9428,1870000.0048,2019-05-31T12:48:11.753000Z
654,1.11588,1.1159100000000002,1000000.0,6559999.9428,2019-05-31T12:48:12.157000Z
655,1.1158700000000001,1.1159100000000002,1690000.0572,3190000.0572,2019-05-31T12:48:12.428000Z
656,1.11588,1.1159100000000002,1000000.0,4239999.7711,2019-05-31T12:48:14.018000Z
657,1.1158700000000001,1.1159100000000002,5440000.0572,4239999.7711,2019-05-31T12:48:14.346000Z
658,1.11588,1.1159100000000002,1500000.0,6489999.7711,2019-05-31T12:48:14.448000Z
659,1.1158700000000001,1.1159100000000002,1250000.0,4690000.0572,2019-05-31T12:48:14.600000Z
660,1.1158700000000001,1.1159100000000002,1250000.0,4869999.8856,2019-05-31T12:48:15.145000Z
661,1.1158700000000001,1.1159100000000002,3559999.9428,3190000.0572,2019-05-31T12:48:15.246000Z
662,1.1158700000000001,1.1159100000000002,6889999.8665,2140000.1049,2019-05-31T12:48:15.614000Z
663,1.1158700000000001,1.1159100000000002,3259999.9905,5320000.1717,2019-05-31T12:48:15.817000Z
664,1.1158700000000001,1.1159000000000001,2619999.8856,1000000.0,2019-05-31T12:48:16.999000Z
665,1.1158700000000001,1.1159100000000002,2619999.8856,5059999.9428,2019-05-31T12:48:17.131000Z
666,1.1158700000000001,1.11589,3190000.0572,1500000.0,2019-05-31T12:48:17.182000Z
667,1.1158700000000001,1.1159000000000001,1500000.0,1870000.0048,2019-05-31T12:48:17.436000Z
668,1.1158700000000001,1.1159100000000002,1750000.0,5820000.1717,2019-05-31T12:48:18.664000Z
669,1.1158700000000001,1.1159000000000001,3190000.0572,1120000.0048,2019-05-31T12:48:19.383000Z
670,1.11589,1.1159100000000002,1000000.0,7619999.8856,2019-05-31T12:48:20.257000Z
671,1.1159100000000002,1.11593,6940000.0572,1120000.0048,2019-05-31T12:48:20.308000Z
672,1.11592,1.11595,2250000.0,1419999.9571,2019-05-31T12:48:20.513000Z
673,1.1159100000000002,1.11595,6000000.0,2369999.8856,2019-05-31T12:48:20.717000Z
674,1.11592,1.11596,2190000.0572,2859999.8951,2019-05-31T12:48:20.824000Z
675,1.11593,1.1159700000000001,2319999.9332,10760000.2289,2019-05-31T12:48:21.829000Z
676,1.11592,1.1159700000000001,5250000.0,3559999.9428,2019-05-31T12:48:21.931000Z
677,1.11592,1.1159700000000001,5760000.2289,6000000.0,2019-05-31T12:48:22.161000Z
678,1.11592,1.1159700000000001,5619999.8856,4570000.1717,2019-05-31T12:48:22.270000Z
679,1.11593,1.11596,3000000.0,1500000.0,2019-05-31T12:48:22.372000Z
680,1.11592,1.1159700000000001,6820000.1717,6739999.7711,2019-05-31T12:48:22.772000Z
681,1.11592,1.11596,6960000.0381,1009999.9905,2019-05-31T12:48:22.874000Z
682,1.11592,1.1159700000000001,4500000.0,6510000.2289,2019-05-31T12:48:22.976000Z
683,1.11592,1.11596,7190000.0572,1120000.0048,2019-05-31T12:48:23.230000Z
684,1.11592,1.1159700000000001,5320000.1717,6809999.9428,2019-05-31T12:48:23.384000Z
685,1.11593,1.11596,2250000.0,2440000.0572,2019-05-31T12:48:23.906000Z
686,1.11594,1.1159700000000001,1000000.0,6619999.8856,2019-05-31T12:48:24.059000Z
687,1.11593,1.1159700000000001,2250000.0,2619999.8856,2019-05-31T12:48:24.161000Z
688,1.11593,1.1159700000000001,4119999.8856,2750000.0,2019-05-31T12:48:24.839000Z
689,1.11593,1.1159700000000001,5250000.0,5619999.8856,2019-05-31T12:48:24.992000Z
690,1.11592,1.11594,1009999.9905,1000000.0,2019-05-31T12:48:25.742000Z
691,1.11593,1.11595,2619999.8856,1789999.9619,2019-05-31T12:48:25.897000Z
692,1.11593,1.11596,1309999.9428,3990000.0095,2019-05-31T12:48:26.001000Z
693,1.11593,1.11596,1000000.0,1120000.0048,2019-05-31T12:48:26.103000Z
694,1.11594,1.1159700000000001,2059999.9428,4510000.2289,2019-05-31T12:48:26.536000Z
695,1.1159700000000001,1.116,2250000.0,6599999.9046,2019-05-31T12:48:26.639000Z
696,1.1159700000000001,1.116,1120000.0048,2000000.0,2019-05-31T12:48:26.741000Z
697,1.11599,1.1160100000000002,13369999.8856,2619999.8856,2019-05-31T12:48:27.513000Z
698,1.1160100000000002,1.11605,4389999.8665,1000000.0,2019-05-31T12:48:27.564000Z
699,1.1160100000000002,1.11606,7010000.2289,9560000.4196,2019-05-31T12:48:27.666000Z
700,1.1160200000000002,1.11605,1000000.0,1009999.9905,2019-05-31T12:48:27.717000Z
701,1.1160100000000002,1.11606,4309999.9428,8520000.4578,2019-05-31T12:48:27.819000Z
702,1.1160100000000002,1.11605,8909999.8474,1870000.0048,2019-05-31T12:48:27.921000Z
703,1.1160200000000002,1.11606,1250000.0,6090000.1526,2019-05-31T12:48:28.023000Z
704,1.1160200000000002,1.11605,1250000.0,1100000.0238,2019-05-31T12:48:28.135000Z
705,1.1160200000000002,1.11606,1250000.0,5219999.7902,2019-05-31T12:48:28.338000Z
706,1.1160200000000002,1.11606,1690000.0572,3269999.9809,2019-05-31T12:48:28.451000Z
707,1.11604,1.11606,1000000.0,6269999.9809,2019-05-31T12:48:28.604000Z
708,1.11603,1.11606,1000000.0,2150000.0954,2019-05-31T12:48:28.882000Z
709,1.1160200000000002,1.11606,1250000.0,2519999.9809,2019-05-31T12:48:29.187000Z
710,1.11604,1.11606,1000000.0,2220000.0286,2019-05-31T12:48:29.822000Z
711,1.1160700000000001,1.11609,3440000.0572,1149999.9762,2019-05-31T12:48:29.926000Z
712,1.1160700000000001,1.1161100000000002,1690000.0572,2140000.1049,2019-05-31T12:48:30.029000Z
713,1.1160700000000001,1.1161,1250000.0,1000000.0,2019-05-31T12:48:30.313000Z
714,1.11606,1.11608,1500000.0,1000000.0,2019-05-31T12:48:30.365000Z
715,1.11606,1.11609,6369999.8856,3000000.0,2019-05-31T12:48:30.471000Z
716,1.11605,1.11608,4369999.8856,1500000.0,2019-05-31T12:48:30.624000Z
717,1.11608,1.1161,2619999.8856,1700000.0477,2019-05-31T12:48:30.788000Z
718,1.1160700000000001,1.1161100000000002,12189999.5804,3220000.0286,2019-05-31T12:48:30.840000Z
719,1.11609,1.1161200000000002,1750000.0,5059999.9428,2019-05-31T12:48:30.942000Z
720,1.1161200000000002,1.11613,1000000.0,1649999.9762,2019-05-31T12:48:31.044000Z
721,1.1161100000000002,1.11613,1309999.9428,1120000.0048,2019-05-31T12:48:31.151000Z
722,1.11608,1.1161200000000002,5889999.8665,8390000.3433,2019-05-31T12:48:31.254000Z
723,1.11609,1.1161100000000002,1000000.0,1570000.0525,2019-05-31T12:48:31.483000Z
724,1.1161100000000002,1.11613,1500000.0,6269999.9809,2019-05-31T12:48:31.940000Z
725,1.1161100000000002,1.11613,1000000.0,2250000.0,2019-05-31T12:48:32.049000Z
726,1.11609,1.1161200000000002,3490000.0095,1500000.0,2019-05-31T12:48:32.355000Z
727,1.1161,1.11613,1000000.0,8770000.4578,2019-05-31T12:48:32.508000Z
728,1.11609,1.11613,1000000.0,6519999.9809,2019-05-31T12:48:32.611000Z
729,1.11608,1.11613,6000000.0,6150000.0954,2019-05-31T12:48:32.714000Z
730,1.1161,1.1161200000000002,3190000.0572,1000000.0,2019-05-31T12:48:32.816000Z
731,1.1161100000000002,1.11614,4710000.0381,3170000.0763,2019-05-31T12:48:32.943000Z
732,1.1161200000000002,1.11615,1000000.0,10539999.9619,2019-05-31T12:48:33.050000Z
733,1.1161100000000002,1.11614,1120000.0048,3710000.0381,2019-05-31T12:48:33.152000Z
734,1.1161,1.11613,3109999.8951,1000000.0,2019-05-31T12:48:33.306000Z
735,1.11608,1.1161200000000002,2059999.9428,6199999.8093,2019-05-31T12:48:33.472000Z
736,1.11608,1.1161200000000002,6559999.9428,3819999.9332,2019-05-31T12:48:33.575000Z
737,1.11608,1.1161200000000002,5809999.9428,4599999.9046,2019-05-31T12:48:33.727000Z
738,1.11608,1.1161200000000002,2059999.9428,3819999.9332,2019-05-31T12:48:33.830000Z
739,1.11608,1.1161200000000002,2869999.8856,9550000.1907,2019-05-31T12:48:33.992000Z
740,1.1160700000000001,1.11609,1000000.0,1120000.0048,2019-05-31T12:48:34.094000Z
741,1.11605,1.11608,4070000.1717,2250000.0,2019-05-31T12:48:34.299000Z
742,1.11605,1.11609,3190000.0572,3710000.0381,2019-05-31T12:48:34.447000Z
743,1.11605,1.11609,2500000.0,6900000.0954,2019-05-31T12:48:34.550000Z
744,1.11605,1.11609,3940000.0572,4090000.1526,2019-05-31T12:48:34.653000Z
745,1.11606,1.11608,1000000.0,1000000.0,2019-05-31T12:48:34.907000Z
746,1.11605,1.11609,4690000.0572,5960000.0381,2019-05-31T12:48:35.134000Z
747,1.11606,1.11609,1000000.0,5210000.0381,2019-05-31T12:48:35.236000Z
748,1.1160700000000001,1.1161,3000000.0,2769999.9809,2019-05-31T12:48:35.338000Z
749,1.1160700000000001,1.11609,1250000.0,1000000.0,2019-05-31T12:48:35.853000Z
750,1.11606,1.1161,4119999.8856,3900000.0954,2019-05-31T12:48:35.956000Z
751,1.1160700000000001,1.11609,1000000.0,1870000.0048,2019-05-31T12:48:36.160000Z
752,1.11606,1.11609,2440000.0572,4199999.8093,2019-05-31T12:48:36.301000Z
753,1.11606,1.11608,1000000.0,1120000.0048,2019-05-31T12:48:36.403000Z
754,1.11605,1.11608,1690000.0572,1120000.0048,2019-05-31T12:48:36.505000Z
755,1.11605,1.11608,1000000.0,1220000.0286,2019-05-31T12:48:37.118000Z
756,1.11605,1.11606,1250000.0,1870000.0048,2019-05-31T12:48:37.220000Z
757,1.1160200000000002,1.11604,2619999.8856,1000000.0,2019-05-31T12:48:37.272000Z
758,1.1160100000000002,1.11604,3190000.0572,3150000.0954,2019-05-31T12:48:37.425000Z
759,1.116,1.1160200000000002,1000000.0,4199999.8093,2019-05-31T12:48:37.576000Z
760,1.1159700000000001,1.11599,1809999.9428,1000000.0,2019-05-31T12:48:37.678000Z
761,1.11596,1.116,2750000.0,4090000.1526,2019-05-31T12:48:37.780000Z
762,1.11596,1.116,2750000.0,6840000.1526,2019-05-31T12:48:37.882000Z
763,1.11596,1.1159700000000001,2619999.8856,1500000.0,2019-05-31T12:48:38.298000Z
764,1.11593,1.1159700000000001,6989999.7711,1500000.0,2019-05-31T12:48:38.349000Z
765,1.11595,1.1159700000000001,2059999.9428,1200000.0477,2019-05-31T12:48:38.468000Z
766,1.11595,1.116,6769999.9809,11390000.3433,2019-05-31T12:48:38.519000Z
767,1.11596,1.11599,1139999.9857,1120000.0048,2019-05-31T12:48:38.621000Z
768,1.1159700000000001,1.116,1000000.0,3450000.0477,2019-05-31T12:48:38.778000Z
769,1.11596,1.1160100000000002,7389999.8665,5400000.0954,2019-05-31T12:48:38.881000Z
770,1.11596,1.116,3900000.0954,1250000.0,2019-05-31T12:48:39.027000Z
771,1.1159700000000001,1.116,1000000.0,3619999.8856,2019-05-31T12:48:39.129000Z
772,1.11596,1.11599,2319999.9332,1120000.0048,2019-05-31T12:48:39.233000Z
773,1.11595,1.11598,2440000.0572,1000000.0,2019-05-31T12:48:39.336000Z
774,1.11595,1.11599,12460000.0381,1950000.0477,2019-05-31T12:48:39.439000Z
775,1.1159700000000001,1.116,1000000.0,2250000.0,2019-05-31T12:48:40.219000Z
776,1.11596,1.116,3369999.8856,7010000.2289,2019-05-31T12:48:40.334000Z
777,1.1159700000000001,1.116,1690000.0572,1759999.9905,2019-05-31T12:48:40.436000Z
778,1.1159700000000001,1.11599,1870000.0048,1000000.0,2019-05-31T12:48:40.894000Z
779,1.11596,1.116,3809999.9428,4760000.2289,2019-05-31T12:48:40.995000Z
780,1.11596,1.11599,2440000.0572,2619999.8856,2019-05-31T12:48:41.110000Z
781,1.11595,1.1159700000000001,1250000.0,1000000.0,2019-05-31T12:48:41.264000Z
782,1.11593,1.1159700000000001,6369999.8856,3369999.8856,2019-05-31T12:48:41.367000Z
783,1.11595,1.1159700000000001,1000000.0,2619999.8856,2019-05-31T12:48:41.520000Z
784,1.11594,1.11598,2339999.9142,4389999.8665,2019-05-31T12:48:41.743000Z
785,1.11594,1.1159700000000001,1250000.0,2440000.0572,2019-05-31T12:48:41.845000Z
786,1.11594,1.11596,3470000.0286,1000000.0,2019-05-31T12:48:42.049000Z
787,1.11594,1.11598,1120000.0048,4949999.8093,2019-05-31T12:48:42.101000Z
788,1.11594,1.1159700000000001,1870000.0048,1100000.0238,2019-05-31T12:48:42.362000Z
789,1.11594,1.11598,1500000.0,7309999.9428,2019-05-31T12:48:42.515000Z
790,1.11594,1.11598,1120000.0048,4500000.0,2019-05-31T12:48:42.668000Z
791,1.11594,1.11598,3440000.0572,6940000.0572,2019-05-31T12:48:42.770000Z
792,1.11594,1.11598,1120000.0048,4500000.0,2019-05-31T12:48:43.171000Z
793,1.11594,1.1159700000000001,1950000.0477,1000000.0,2019-05-31T12:48:43.322000Z
794,1.11596,1.11599,3000000.0,10699999.8093,2019-05-31T12:48:44.018000Z
795,1.11596,1.11599,3190000.0572,5250000.0,2019-05-31T12:48:44.122000Z
796,1.11594,1.1159700000000001,1000000.0,1500000.0,2019-05-31T12:48:44.226000Z
797,1.11593,1.1159700000000001,2900000.0954,1870000.0048,2019-05-31T12:48:44.328000Z
798,1.11592,1.11596,3259999.9905,1250000.0,2019-05-31T12:48:44.431000Z
799,1.11592,1.11594,1570000.0525,2250000.0,2019-05-31T12:48:44.663000Z
800,1.1159000000000001,1.11594,5809999.9428,1000000.0,2019-05-31T12:48:44.765000Z
801,1.11589,1.11593,2890000.1049,1250000.0,2019-05-31T12:48:45.071000Z
802,1.1159000000000001,1.11594,1500000.0,8710000.0381,2019-05-31T12:48:45.176000Z
803,1.1159100000000002,1.11594,1000000.0,5360000.1335,2019-05-31T12:48:45.278000Z
804,1.1159100000000002,1.11593,1000000.0,1000000.0,2019-05-31T12:48:45.330000Z
805,1.1159100000000002,1.11594,1500000.0,1720000.0286,2019-05-31T12:48:45.381000Z
806,1.1159100000000002,1.11595,1500000.0,4199999.8093,2019-05-31T12:48:45.589000Z
807,1.1159100000000002,1.11595,1690000.0572,5719999.7902,2019-05-31T12:48:45.691000Z
808,1.1159100000000002,1.11595,1500000.0,3190000.0572,2019-05-31T12:48:45.793000Z
809,1.1159100000000002,1.11595,3809999.9428,1690000.0572,2019-05-31T12:48:46.504000Z
810,1.1159100000000002,1.11595,4260000.2289,1250000.0,2019-05-31T12:48:46.606000Z
811,1.11592,1.11595,1759999.9905,1250000.0,2019-05-31T12:48:46.974000Z
812,1.11592,1.11593,1500000.0,1000000.0,2019-05-31T12:48:47.077000Z
813,1.11589,1.11592,1669999.9571,1120000.0048,2019-05-31T12:48:47.129000Z
814,1.11588,1.1159100000000002,6960000.0381,1500000.0,2019-05-31T12:48:47.180000Z
815,1.11588,1.11592,5300000.1907,1309999.9428,2019-05-31T12:48:47.232000Z
816,1.11588,1.11592,1309999.9428,1250000.0,2019-05-31T12:48:47.334000Z
817,1.11588,1.11592,2200000.0477,4250000.0,2019-05-31T12:48:47.493000Z
818,1.11588,1.11592,1250000.0,3390000.1049,2019-05-31T12:48:47.595000Z
819,1.11588,1.11592,1250000.0,5820000.1717,2019-05-31T12:48:47.751000Z
820,1.11588,1.11592,1250000.0,3390000.1049,2019-05-31T12:48:47.903000Z
821,1.11588,1.11592,1250000.0,5750000.0,2019-05-31T12:48:48.341000Z
822,1.1159000000000001,1.11592,1120000.0048,1100000.0238,2019-05-31T12:48:49.088000Z
823,1.11589,1.11592,2180000.0668,2250000.0,2019-05-31T12:48:49.192000Z
824,1.11589,1.1159100000000002,1500000.0,1000000.0,2019-05-31T12:48:50.057000Z
825,1.11588,1.1159100000000002,3559999.9428,1000000.0,2019-05-31T12:48:50.246000Z
826,1.1159000000000001,1.1159100000000002,1000000.0,1000000.0,2019-05-31T12:48:50.655000Z
827,1.1159000000000001,1.11593,2500000.0,1100000.0238,2019-05-31T12:48:50.707000Z
828,1.11592,1.11595,1000000.0,1399999.9762,2019-05-31T12:48:50.852000Z
829,1.1159100000000002,1.11595,2690000.0572,6260000.2289,2019-05-31T12:48:50.954000Z
830,1.1159100000000002,1.11595,2619999.8856,1000000.0,2019-05-31T12:48:51.056000Z
831,1.11592,1.11595,1000000.0,1000000.0,2019-05-31T12:48:51.209000Z
832,1.1159100000000002,1.11595,2619999.8856,1000000.0,2019-05-31T12:48:51.311000Z
833,1.11592,1.11595,1000000.0,1000000.0,2019-05-31T12:48:51.435000Z
834,1.11593,1.11595,1500000.0,1590000.0334,2019-05-31T12:48:51.538000Z
835,1.11592,1.11595,2440000.0572,1000000.0,2019-05-31T12:48:52.301000Z
836,1.11592,1.11594,1000000.0,2250000.0,2019-05-31T12:48:52.776000Z
837,1.1159000000000001,1.11592,4869999.8856,4869999.8856,2019-05-31T12:48:52.878000Z
838,1.11588,1.11592,2539999.9619,6559999.9428,2019-05-31T12:48:52.965000Z
839,1.11589,1.1159000000000001,1000000.0,1000000.0,2019-05-31T12:48:53.018000Z
840,1.11588,1.1159100000000002,3680000.0668,1500000.0,2019-05-31T12:48:53.120000Z
841,1.11588,1.11592,2890000.1049,2319999.9332,2019-05-31T12:48:53.232000Z
842,1.11589,1.11592,1000000.0,4570000.1717,2019-05-31T12:48:53.501000Z
843,1.11588,1.11592,4389999.8665,1570000.0525,2019-05-31T12:48:53.643000Z
844,1.1158700000000001,1.11592,2509999.9905,11789999.9619,2019-05-31T12:48:53.745000Z
845,1.11588,1.1159100000000002,1000000.0,2670000.0763,2019-05-31T12:48:54.101000Z
846,1.1158700000000001,1.11592,2440000.0572,11430000.3052,2019-05-31T12:48:54.259000Z
847,1.11588,1.1159100000000002,1000000.0,2289999.9619,2019-05-31T12:48:54.846000Z
848,1.1158700000000001,1.1159100000000002,2440000.0572,1059999.9428,2019-05-31T12:48:54.947000Z
849,1.11588,1.1159100000000002,1000000.0,1500000.0,2019-05-31T12:48:55.255000Z
850,1.1158700000000001,1.1159100000000002,3190000.0572,1000000.0,2019-05-31T12:48:55.458000Z
851,1.11588,1.1159100000000002,1000000.0,4570000.1717,2019-05-31T12:48:56.079000Z
852,1.1158700000000001,1.11592,3640000.1049,6159999.8474,2019-05-31T12:48:56.482000Z
853,1.11589,1.11592,1000000.0,6239999.7711,2019-05-31T12:48:56.965000Z
854,1.11594,1.11596,1000000.0,2660000.0858,2019-05-31T12:48:57.068000Z
855,1.11595,1.11596,2619999.8856,1159999.9666,2019-05-31T12:48:57.170000Z
856,1.11596,1.1159700000000001,6150000.0954,1159999.9666,2019-05-31T12:48:57.272000Z
857,1.1159700000000001,1.11599,1000000.0,1000000.0,2019-05-31T12:48:57.323000Z
858,1.11596,1.116,4300000.1907,1500000.0,2019-05-31T12:48:57.473000Z
859,1.11596,1.116,10109999.6567,4809999.9428,2019-05-31T12:48:57.626000Z
860,1.11596,1.11599,1000000.0,2250000.0,2019-05-31T12:48:57.779000Z
861,1.11596,1.116,1690000.0572,5440000.0572,2019-05-31T12:48:57.903000Z
862,1.1159700000000001,1.1160100000000002,1500000.0,5489999.7711,2019-05-31T12:48:58.058000Z
863,1.1159700000000001,1.11599,1309999.9428,1000000.0,2019-05-31T12:48:59.457000Z
864,1.11595,1.11598,4480000.0191,1000000.0,2019-05-31T12:48:59.559000Z
865,1.11595,1.11598,5539999.9619,1000000.0,2019-05-31T12:48:59.733000Z
866,1.1159700000000001,1.116,1000000.0,4869999.8856,2019-05-31T12:48:59.784000Z
867,1.11596,1.11599,2250000.0,3750000.0,2019-05-31T12:48:59.887000Z
868,1.11595,1.11599,12539999.9619,1000000.0,2019-05-31T12:49:00.040000Z
869,1.1159700000000001,1.116,1000000.0,7230000.0191,2019-05-31T12:49:00.142000Z
870,1.11596,1.116,3559999.9428,2660000.0858,2019-05-31T12:49:00.250000Z
871,1.1159700000000001,1.116,3369999.8856,3559999.9428,2019-05-31T12:49:00.403000Z
872,1.11598,1.1160100000000002,1000000.0,3539999.9619,2019-05-31T12:49:01.402000Z
873,1.1159700000000001,1.1160100000000002,1870000.0048,1750000.0,2019-05-31T12:49:01.552000Z
874,1.1159700000000001,1.116,2369999.8856,1120000.0048,2019-05-31T12:49:02.755000Z
875,1.1159700000000001,1.116,3369999.8856,1120000.0048,2019-05-31T12:49:02.868000Z
876,1.1159700000000001,1.1160100000000002,3410000.0858,5559999.9428,2019-05-31T12:49:02.970000Z
877,1.11598,1.1160100000000002,1500000.0,3690000.0572,2019-05-31T12:49:03.072000Z
878,1.1159700000000001,1.1160100000000002,4309999.9428,1750000.0,2019-05-31T12:49:03.174000Z
879,1.1159700000000001,1.1160100000000002,4309999.9428,1309999.9428,2019-05-31T12:49:03.278000Z
880,1.11598,1.1160100000000002,1120000.0048,1250000.0,2019-05-31T12:49:03.449000Z
881,1.11599,1.1160200000000002,2440000.0572,1000000.0,2019-05-31T12:49:03.588000Z
882,1.11599,1.1160200000000002,1000000.0,2750000.0,2019-05-31T12:49:03.794000Z
883,1.11598,1.1160200000000002,4119999.8856,2000000.0,2019-05-31T12:49:04.138000Z
884,1.1159700000000001,1.1160100000000002,3069999.9332,4309999.9428,2019-05-31T12:49:04.292000Z
885,1.1159700000000001,1.11599,1100000.0238,1000000.0,2019-05-31T12:49:04.394000Z
886,1.11596,1.11599,1009999.9905,1120000.0048,2019-05-31T12:49:04.530000Z
887,1.11596,1.11598,1250000.0,1500000.0,2019-05-31T12:49:04.886000Z
888,1.11595,1.1159700000000001,4500000.0,1000000.0,2019-05-31T12:49:05.032000Z
889,1.11595,1.11598,3000000.0,1500000.0,2019-05-31T12:49:05.185000Z
890,1.11594,1.1159700000000001,2809999.9428,3000000.0,2019-05-31T12:49:05.287000Z
891,1.11593,1.11596,1509999.9905,1120000.0048,2019-05-31T12:49:06.083000Z
892,1.11592,1.11596,6139999.8665,1200000.0477,2019-05-31T12:49:06.448000Z
893,1.11592,1.11594,1009999.9905,1000000.0,2019-05-31T12:49:06.652000Z
894,1.1159100000000002,1.11592,1000000.0,2250000.0,2019-05-31T12:49:06.806000Z
895,1.1159100000000002,1.11593,3190000.0572,1870000.0048,2019-05-31T12:49:06.908000Z
896,1.1159000000000001,1.11594,4389999.8665,1500000.0,2019-05-31T12:49:07.936000Z
897,1.1159000000000001,1.11592,7469999.7902,1000000.0,2019-05-31T12:49:08.420000Z
898,1.11589,1.1159100000000002,2890000.1049,3190000.0572,2019-05-31T12:49:08.522000Z
899,1.11588,1.11589,1000000.0,1000000.0,2019-05-31T12:49:08.641000Z
900,1.11586,1.1159000000000001,8069999.6948,1500000.0,2019-05-31T12:49:08.744000Z
901,1.1158700000000001,1.1159000000000001,2089999.9142,1500000.0,2019-05-31T12:49:09.652000Z
902,1.1158700000000001,1.1159000000000001,2569999.9332,1620000.0048,2019-05-31T12:49:09.805000Z
903,1.11586,1.1159000000000001,7019999.9809,1620000.0048,2019-05-31T12:49:10.127000Z
904,1.1158700000000001,1.1159000000000001,1000000.0,1870000.0048,2019-05-31T12:49:10.832000Z
905,1.11586,1.1159000000000001,5960000.0381,1870000.0048,2019-05-31T12:49:10.985000Z
906,1.1158700000000001,1.1159000000000001,1000000.0,2619999.8856,2019-05-31T12:49:11.277000Z
907,1.11589,1.1159100000000002,1000000.0,1120000.0048,2019-05-31T12:49:11.418000Z
908,1.11588,1.1159100000000002,2619999.8856,1120000.0048,2019-05-31T12:49:11.524000Z
909,1.11588,1.11592,2700000.0477,5250000.0,2019-05-31T12:49:12.439000Z
910,1.11588,1.1159100000000002,2890000.1049,1250000.0,2019-05-31T12:49:12.541000Z
911,1.11588,1.11592,2700000.0477,3750000.0,2019-05-31T12:49:12.643000Z
912,1.11588,1.1159100000000002,4199999.8093,1000000.0,2019-05-31T12:49:12.749000Z
913,1.11589,1.11592,1000000.0,3869999.8856,2019-05-31T12:49:12.869000Z
914,1.11588,1.1159100000000002,3640000.1049,2440000.0572,2019-05-31T12:49:13.244000Z
915,1.1159000000000001,1.11593,1690000.0572,1720000.0286,2019-05-31T12:49:13.950000Z
916,1.11589,1.11592,9149999.6185,1000000.0,2019-05-31T12:49:14.052000Z
917,1.11588,1.1159000000000001,2250000.0,1120000.0048,2019-05-31T12:49:14.271000Z
918,1.1158700000000001,1.1159100000000002,4590000.1526,3000000.0,2019-05-31T12:49:15.442000Z
919,1.11588,1.1159000000000001,1120000.0048,1000000.0,2019-05-31T12:49:16.865000Z
920,1.1158700000000001,1.1159100000000002,6429999.8283,3190000.0572,2019-05-31T12:49:17.293000Z
921,1.11588,1.1159000000000001,2140000.1049,1000000.0,2019-05-31T12:49:17.651000Z
922,1.11588,1.1159100000000002,1200000.0477,4690000.0572,2019-05-31T12:49:17.819000Z
923,1.11588,1.1159000000000001,1120000.0048,1000000.0,2019-05-31T12:49:19.180000Z
924,1.11588,1.1159100000000002,1120000.0048,4869999.8856,2019-05-31T12:49:19.283000Z
925,1.11588,1.1159000000000001,2250000.0,1000000.0,2019-05-31T12:49:19.491000Z
926,1.11588,1.1159100000000002,2250000.0,7119999.8856,2019-05-31T12:49:19.594000Z
927,1.11588,1.1159000000000001,1120000.0048,1000000.0,2019-05-31T12:49:20.288000Z
928,1.11588,1.1159100000000002,1570000.0525,4869999.8856,2019-05-31T12:49:20.390000Z
929,1.11588,1.1159000000000001,1120000.0048,1000000.0,2019-05-31T12:49:20.543000Z
930,1.11588,1.1159100000000002,1120000.0048,3940000.0572,2019-05-31T12:49:20.695000Z
931,1.11588,1.1159000000000001,2700000.0477,1000000.0,2019-05-31T12:49:21.108000Z
932,1.11588,1.1159100000000002,2890000.1049,6369999.8856,2019-05-31T12:49:21.331000Z
933,1.11588,1.1159000000000001,2890000.1049,1000000.0,2019-05-31T12:49:21.462000Z
934,1.11588,1.1159100000000002,1690000.0572,5619999.8856,2019-05-31T12:49:21.708000Z
935,1.11588,1.1159000000000001,1870000.0048,1000000.0,2019-05-31T12:49:22.714000Z
936,1.11588,1.1159100000000002,3069999.9332,1120000.0048,2019-05-31T12:49:22.816000Z
937,1.11589,1.1159000000000001,1500000.0,1000000.0,2019-05-31T12:49:22.952000Z
938,1.11589,1.1159100000000002,1500000.0,2809999.9428,2019-05-31T12:49:23.105000Z
939,1.11588,1.1159100000000002,2809999.9428,2059999.9428,2019-05-31T12:49:23.512000Z
940,1.11588,1.11592,2349999.9046,5219999.7902,2019-05-31T12:49:23.833000Z
941,1.11588,1.11592,1870000.0048,8449999.8093,2019-05-31T12:49:24.542000Z
942,1.1159100000000002,1.11593,4000000.0,3640000.1049,2019-05-31T12:49:25.373000Z
943,1.11592,1.11594,1250000.0,1299999.9523,2019-05-31T12:49:25.424000Z
944,1.11592,1.11596,4090000.1526,2619999.8856,2019-05-31T12:49:25.577000Z
945,1.11592,1.11595,7460000.0381,1250000.0,2019-05-31T12:49:25.721000Z
946,1.11593,1.11596,2690000.0572,2059999.9428,2019-05-31T12:49:25.874000Z
947,1.11593,1.1159700000000001,4260000.2289,2059999.9428,2019-05-31T12:49:27.573000Z
948,1.11595,1.1159700000000001,4750000.0,1000000.0,2019-05-31T12:49:28.138000Z
949,1.11596,1.11599,1940000.0572,3049999.9523,2019-05-31T12:49:28.189000Z
950,1.11598,1.11599,1000000.0,1000000.0,2019-05-31T12:49:28.291000Z
951,1.11598,1.116,1000000.0,1500000.0,2019-05-31T12:49:28.482000Z
952,1.11599,1.1160100000000002,1000000.0,1120000.0048,2019-05-31T12:49:28.635000Z
953,1.11599,1.11603,1100000.0238,3309999.9428,2019-05-31T12:49:29.207000Z
954,1.1160100000000002,1.1160200000000002,1000000.0,1000000.0,2019-05-31T12:49:29.460000Z
955,1.1160100000000002,1.11605,3190000.0572,2950000.0477,2019-05-31T12:49:29.563000Z
956,1.1160200000000002,1.11605,1250000.0,1870000.0048,2019-05-31T12:49:29.665000Z
957,1.11604,1.11606,1250000.0,1120000.0048,2019-05-31T12:49:29.791000Z
958,1.11604,1.1160700000000001,1250000.0,1120000.0048,2019-05-31T12:49:30.046000Z
959,1.11605,1.1160700000000001,1750000.0,1000000.0,2019-05-31T12:49:30.148000Z
960,1.1160700000000001,1.1161,2619999.8856,1000000.0,2019-05-31T12:49:30.256000Z
961,1.1160700000000001,1.1161100000000002,1500000.0,1000000.0,2019-05-31T12:49:30.358000Z
962,1.11606,1.1161,8199999.8093,1120000.0048,2019-05-31T12:49:30.939000Z
963,1.1160700000000001,1.1161100000000002,3930000.0668,1700000.0477,2019-05-31T12:49:31.041000Z
964,1.1160700000000001,1.1161100000000002,2809999.9428,1000000.0,2019-05-31T12:49:31.296000Z
965,1.1160700000000001,1.1161100000000002,4369999.8856,1000000.0,2019-05-31T12:49:31.397000Z
966,1.11608,1.1161200000000002,1000000.0,6820000.1717,2019-05-31T12:49:31.980000Z
967,1.1161,1.11613,1250000.0,3920000.0763,2019-05-31T12:49:32.262000Z
968,1.1161,1.11613,1250000.0,3369999.8856,2019-05-31T12:49:32.364000Z
969,1.1161100000000002,1.11613,1000000.0,3369999.8856,2019-05-31T12:49:32.640000Z
970,1.1161,1.11613,1309999.9428,1870000.0048,2019-05-31T12:49:32.742000Z
971,1.1161100000000002,1.11613,1000000.0,1870000.0048,2019-05-31T12:49:32.982000Z
972,1.1161,1.1161200000000002,1870000.0048,1250000.0,2019-05-31T12:49:33.084000Z
973,1.1161,1.11613,4750000.0,1500000.0,2019-05-31T12:49:33.186000Z
974,1.1161,1.11613,1250000.0,1250000.0,2019-05-31T12:49:33.366000Z
975,1.1161,1.11613,3190000.0572,2869999.8856,2019-05-31T12:49:33.468000Z
976,1.1161100000000002,1.11613,1000000.0,5199999.8093,2019-05-31T12:49:33.570000Z
977,1.11609,1.11613,6510000.2289,5199999.8093,2019-05-31T12:49:33.773000Z
978,1.1161,1.11613,1250000.0,4829999.9237,2019-05-31T12:49:34.175000Z
979,1.11609,1.1161100000000002,1500000.0,1000000.0,2019-05-31T12:49:34.277000Z
980,1.1160700000000001,1.1161100000000002,7760000.2289,4119999.8856,2019-05-31T12:49:34.379000Z
981,1.1161,1.1161100000000002,1870000.0048,1000000.0,2019-05-31T12:49:34.482000Z
982,1.11609,1.11613,2690000.0572,3190000.0572,2019-05-31T12:49:34.599000Z
983,1.11609,1.11613,2619999.8856,1000000.0,2019-05-31T12:49:34.702000Z
984,1.1161,1.11613,1000000.0,1500000.0,2019-05-31T12:49:36.048000Z
985,1.11609,1.11613,2619999.8856,1000000.0,2019-05-31T12:49:36.150000Z
986,1.1161,1.11613,1250000.0,2250000.0,2019-05-31T12:49:36.274000Z
987,1.11609,1.11613,1250000.0,4739999.7711,2019-05-31T12:49:36.427000Z
988,1.11608,1.11613,4119999.8856,10920000.0763,2019-05-31T12:49:36.529000Z
989,1.11609,1.1161200000000002,1500000.0,1309999.9428,2019-05-31T12:49:36.580000Z
990,1.11608,1.1161100000000002,7260000.2289,1000000.0,2019-05-31T12:49:37.226000Z
991,1.1161,1.1161200000000002,1000000.0,1870000.0048,2019-05-31T12:49:37.328000Z
992,1.11608,1.1161200000000002,3869999.8856,1870000.0048,2019-05-31T12:49:37.429000Z
993,1.11609,1.11613,1000000.0,2700000.0477,2019-05-31T12:49:38.031000Z
994,1.11609,1.1161200000000002,1250000.0,2809999.9428,2019-05-31T12:49:38.396000Z
995,1.11608,1.1161200000000002,5679999.8283,2809999.9428,2019-05-31T12:49:38.498000Z
996,1.11608,1.11613,4929999.8283,7400000.0954,2019-05-31T12:49:38.600000Z
997,1.11608,1.11613,4489999.7711,3519999.9809,2019-05-31T12:49:38.821000Z
998,1.11608,1.11613,4190000.0572,4960000.0381,2019-05-31T12:49:39.055000Z
999,1.1160700000000001,1.1161,3950000.0477,1309999.9428,2019-05-31T12:49:39.185000Z
1000,1.11608,1.1161100000000002,1370000.0048,1500000.0,2019-05-31T12:49:39.289000Z
1001,1.11609,1.1161200000000002,5000000.0,3000000.0,2019-05-31T12:49:39.392000Z
1002,1.11608,1.1161100000000002,2349999.9046,1000000.0,2019-05-31T12:49:39.495000Z
1003,1.11608,1.1161200000000002,3000000.0,3670000.0763,2019-05-31T12:49:39.597000Z
1004,1.11608,1.1161200000000002,3000000.0,1649999.9762,2019-05-31T12:49:40.089000Z
1005,1.11609,1.1161200000000002,1000000.0,4650000.0954,2019-05-31T12:49:40.763000Z
1006,1.11608,1.1161200000000002,3750000.0,3000000.0,2019-05-31T12:49:41.211000Z
1007,1.11608,1.1161200000000002,3890000.1049,5440000.0572,2019-05-31T12:49:41.386000Z
1008,1.11609,1.1161200000000002,1000000.0,3750000.0,2019-05-31T12:49:41.556000Z
1009,1.11608,1.1161200000000002,2250000.0,4500000.0,2019-05-31T12:49:41.709000Z
1010,1.11608,1.1161200000000002,3319999.9332,5940000.0572,2019-05-31T12:49:42.162000Z
1011,1.11608,1.1161200000000002,3259999.9905,3190000.0572,2019-05-31T12:49:42.343000Z
1012,1.11608,1.1161200000000002,3460000.0381,4190000.0572,2019-05-31T12:49:42.597000Z
1013,1.11608,1.1161200000000002,2710000.0381,4119999.8856,2019-05-31T12:49:42.898000Z
1014,1.11609,1.1161200000000002,1000000.0,1000000.0,2019-05-31T12:49:43.356000Z
1015,1.1161,1.11613,1250000.0,1000000.0,2019-05-31T12:49:43.459000Z
1016,1.1161100000000002,1.11614,1000000.0,7869999.8856,2019-05-31T12:49:43.562000Z
1017,1.1161,1.11614,2500000.0,6940000.0572,2019-05-31T12:49:43.756000Z
1018,1.11609,1.11614,2140000.1049,13119999.8856,2019-05-31T12:49:43.858000Z
1019,1.1161,1.11613,1000000.0,4119999.8856,2019-05-31T12:49:43.961000Z
1020,1.11609,1.11613,2619999.8856,4190000.0572,2019-05-31T12:49:44.064000Z
1021,1.11609,1.11613,1000000.0,4690000.0572,2019-05-31T12:49:44.268000Z
1022,1.1161,1.11613,1690000.0572,4000000.0,2019-05-31T12:49:44.492000Z
1023,1.1161100000000002,1.11614,1000000.0,1799999.9523,2019-05-31T12:49:44.544000Z
1024,1.1161200000000002,1.11615,2539999.9619,1250000.0,2019-05-31T12:49:44.646000Z
1025,1.11616,1.11617,1500000.0,2250000.0,2019-05-31T12:49:44.799000Z
1026,1.11616,1.1162,3190000.0572,5619999.8856,2019-05-31T12:49:44.930000Z
1027,1.11617,1.1162,1000000.0,3369999.8856,2019-05-31T12:49:45.032000Z
1028,1.11617,1.11619,1500000.0,1000000.0,2019-05-31T12:49:45.545000Z
1029,1.11617,1.1162,1000000.0,4309999.9428,2019-05-31T12:49:45.698000Z
1030,1.11617,1.11619,1500000.0,1000000.0,2019-05-31T12:49:46.295000Z
1031,1.11617,1.1162,1000000.0,3559999.9428,2019-05-31T12:49:46.439000Z
1032,1.11617,1.11619,1500000.0,1000000.0,2019-05-31T12:49:46.742000Z
1033,1.11617,1.1162,2220000.0286,5699999.8093,2019-05-31T12:49:46.894000Z
1034,1.11617,1.11619,2259999.9905,1000000.0,2019-05-31T12:49:46.998000Z
1035,1.11619,1.1162,1909999.9666,2950000.0477,2019-05-31T12:49:47.100000Z
1036,1.11619,1.1162200000000002,1000000.0,3119999.8856,2019-05-31T12:49:47.202000Z
1037,1.11617,1.1162,2500000.0,6369999.8856,2019-05-31T12:49:47.305000Z
1038,1.11617,1.11618,1870000.0048,1500000.0,2019-05-31T12:49:47.427000Z
1039,1.11615,1.11617,3000000.0,1500000.0,2019-05-31T12:49:47.478000Z
1040,1.11614,1.11617,1950000.0477,1500000.0,2019-05-31T12:49:47.732000Z
1041,1.1161200000000002,1.11616,9619999.8856,1120000.0048,2019-05-31T12:49:48.096000Z
1042,1.1161200000000002,1.11615,1120000.0048,1529999.9714,2019-05-31T12:49:49.600000Z
1043,1.1161100000000002,1.11614,1570000.0525,3750000.0,2019-05-31T12:49:49.702000Z
1044,1.1161100000000002,1.11615,4190000.0572,3190000.0572,2019-05-31T12:49:49.804000Z
1045,1.1161,1.11613,7519999.9809,2250000.0,2019-05-31T12:49:49.944000Z
1046,1.1161,1.1161200000000002,1120000.0048,1500000.0,2019-05-31T12:49:50.048000Z
1047,1.11608,1.1161100000000002,2700000.0477,1000000.0,2019-05-31T12:49:50.150000Z
1048,1.11608,1.1161200000000002,1000000.0,4760000.2289,2019-05-31T12:49:50.717000Z
1049,1.11608,1.1161200000000002,5619999.8856,4889999.8665,2019-05-31T12:49:51.116000Z
1050,1.11608,1.1161,5619999.8856,1000000.0,2019-05-31T12:49:51.611000Z
1051,1.11608,1.1161100000000002,5619999.8856,2619999.8856,2019-05-31T12:49:51.764000Z
1052,1.11609,1.1161100000000002,1120000.0048,1120000.0048,2019-05-31T12:49:51.917000Z
1053,1.11608,1.1161200000000002,5619999.8856,7699999.8093,2019-05-31T12:49:52.056000Z
1054,1.11608,1.1161,5619999.8856,1000000.0,2019-05-31T12:49:52.158000Z
1055,1.11608,1.1161200000000002,5619999.8856,7619999.8856,2019-05-31T12:49:52.410000Z
1056,1.11608,1.1161,6369999.8856,1000000.0,2019-05-31T12:49:53.832000Z
1057,1.11608,1.1161100000000002,5619999.8856,2619999.8856,2019-05-31T12:49:53.934000Z
1058,1.1161,1.1161200000000002,2440000.0572,4309999.9428,2019-05-31T12:49:54.179000Z
1059,1.1161,1.11614,1120000.0048,4800000.1907,2019-05-31T12:49:54.331000Z
1060,1.1161100000000002,1.11614,2440000.0572,4500000.0,2019-05-31T12:49:54.434000Z
1061,1.1161100000000002,1.11614,3250000.0,1000000.0,2019-05-31T12:49:54.536000Z
1062,1.1161100000000002,1.11614,3369999.8856,1000000.0,2019-05-31T12:49:54.648000Z
1063,1.1161100000000002,1.11614,6809999.9428,1000000.0,2019-05-31T12:49:54.877000Z
1064,1.1161100000000002,1.11614,8319999.6948,1000000.0,2019-05-31T12:49:55.347000Z
1065,1.1161200000000002,1.11614,1500000.0,1000000.0,2019-05-31T12:49:55.703000Z
1066,1.1161200000000002,1.11615,1690000.0572,5139999.8665,2019-05-31T12:49:55.805000Z
1067,1.1161200000000002,1.11614,3750000.0,1000000.0,2019-05-31T12:49:56.029000Z
1068,1.1161200000000002,1.11615,1500000.0,3369999.8856,2019-05-31T12:49:56.131000Z
1069,1.1161200000000002,1.11614,1500000.0,1000000.0,2019-05-31T12:49:56.373000Z
1070,1.1161100000000002,1.11615,7500000.0,2619999.8856,2019-05-31T12:49:56.525000Z
1071,1.1161200000000002,1.11615,2250000.0,2619999.8856,2019-05-31T12:49:56.968000Z
1072,1.1161100000000002,1.11615,10199999.8093,2700000.0477,2019-05-31T12:49:57.071000Z
1073,1.1161200000000002,1.11615,1500000.0,1870000.0048,2019-05-31T12:49:57.174000Z
1074,1.1161100000000002,1.11615,7500000.0,1870000.0048,2019-05-31T12:49:57.924000Z
1075,1.1161100000000002,1.11613,3940000.0572,1500000.0,2019-05-31T12:49:58.026000Z
1076,1.1161100000000002,1.1161200000000002,1000000.0,1000000.0,2019-05-31T12:49:58.180000Z
1077,1.11609,1.1161100000000002,1000000.0,3619999.8856,2019-05-31T12:49:58.308000Z
1078,1.11608,1.1161,1000000.0,1000000.0,2019-05-31T12:49:58.466000Z
1079,1.11609,1.1161100000000002,4369999.8856,1100000.0238,2019-05-31T12:49:58.568000Z
1080,1.1161,1.11613,1250000.0,2440000.0572,2019-05-31T12:49:58.620000Z
1081,1.1161,1.11613,1309999.9428,1700000.0477,2019-05-31T12:49:58.722000Z
1082,1.11609,1.11613,2799999.9523,1000000.0,2019-05-31T12:49:59.758000Z
1083,1.11609,1.1161100000000002,1000000.0,2250000.0,2019-05-31T12:49:59.856000Z
1084,1.11608,1.1161100000000002,1500000.0,1000000.0,2019-05-31T12:49:59.959000Z
1085,1.11609,1.1161100000000002,1000000.0,2619999.8856,2019-05-31T12:50:00.567000Z
1086,1.11609,1.1161200000000002,1500000.0,2000000.0,2019-05-31T12:50:00.817000Z
1087,1.1160700000000001,1.1161100000000002,3519999.9809,2619999.8856,2019-05-31T12:50:01.122000Z
1088,1.11608,1.1161100000000002,1100000.0238,15260000.2289,2019-05-31T12:50:01.264000Z
1089,1.1160700000000001,1.1161100000000002,1690000.0572,5320000.1717,2019-05-31T12:50:01.366000Z
1090,1.1160700000000001,1.1161,1000000.0,1000000.0,2019-05-31T12:50:01.660000Z
1091,1.1160700000000001,1.1161100000000002,1250000.0,12449999.8093,2019-05-31T12:50:01.762000Z
1092,1.1160700000000001,1.1161,1000000.0,1000000.0,2019-05-31T12:50:02.111000Z
1093,1.11606,1.1161,7199999.8093,1500000.0,2019-05-31T12:50:02.645000Z
1094,1.11606,1.1161,4190000.0572,1000000.0,2019-05-31T12:50:02.878000Z
1095,1.11606,1.1161,4869999.8856,1500000.0,2019-05-31T12:50:05.604000Z
1096,1.1160700000000001,1.1161,1250000.0,3000000.0,2019-05-31T12:50:05.706000Z
1097,1.1160700000000001,1.11609,1000000.0,1000000.0,2019-05-31T12:50:07.473000Z
1098,1.11606,1.1161,2440000.0572,4869999.8856,2019-05-31T12:50:09.733000Z
1099,1.1161,1.1161200000000002,1500000.0,1000000.0,2019-05-31T12:50:09.855000Z
1100,1.1161,1.11613,2059999.9428,1000000.0,2019-05-31T12:50:10.010000Z
1101,1.1161,1.11614,1500000.0,1309999.9428,2019-05-31T12:50:10.112000Z
1102,1.11609,1.1161200000000002,4269999.9809,1000000.0,2019-05-31T12:50:10.265000Z
1103,1.11608,1.1161,2059999.9428,1000000.0,2019-05-31T12:50:10.413000Z
1104,1.1160700000000001,1.1161100000000002,4570000.1717,1000000.0,2019-05-31T12:50:10.514000Z
1105,1.1160700000000001,1.1161200000000002,4949999.8093,6000000.0,2019-05-31T12:50:10.616000Z
1106,1.1160700000000001,1.1161100000000002,11699999.8093,2250000.0,2019-05-31T12:50:10.837000Z
1107,1.1160700000000001,1.1161,4199999.8093,1000000.0,2019-05-31T12:50:10.989000Z
1108,1.1160700000000001,1.1161200000000002,10199999.8093,8890000.3433,2019-05-31T12:50:11.127000Z
1109,1.1160700000000001,1.1161100000000002,14699999.8093,1500000.0,2019-05-31T12:50:11.279000Z
1110,1.11608,1.1161,1000000.0,1000000.0,2019-05-31T12:50:11.381000Z
1111,1.1160700000000001,1.1161100000000002,9069999.6948,1000000.0,2019-05-31T12:50:11.634000Z
1112,1.11609,1.1161100000000002,1000000.0,1000000.0,2019-05-31T12:50:12.137000Z
1113,1.11608,1.1161100000000002,1000000.0,1000000.0,2019-05-31T12:50:12.340000Z
1114,1.11609,1.1161200000000002,1000000.0,6039999.9619,2019-05-31T12:50:12.442000Z
1115,1.11608,1.1161200000000002,1000000.0,6039999.9619,2019-05-31T12:50:12.632000Z
1116,1.11609,1.1161200000000002,1000000.0,5289999.9619,2019-05-31T12:50:14.617000Z
1117,1.11609,1.1161100000000002,1000000.0,1000000.0,2019-05-31T12:50:14.823000Z
1118,1.11609,1.1161200000000002,1000000.0,6039999.9619,2019-05-31T12:50:14.925000Z
1119,1.11609,1.1161100000000002,1870000.0048,1000000.0,2019-05-31T12:50:15.180000Z
1120,1.1161,1.1161100000000002,1000000.0,1000000.0,2019-05-31T12:50:15.289000Z
1121,1.1161,1.11613,1690000.0572,5699999.8093,2019-05-31T12:50:15.392000Z
1122,1.1161100000000002,1.11614,3000000.0,3940000.0572,2019-05-31T12:50:15.493000Z
1123,1.1161200000000002,1.11614,1000000.0,3369999.8856,2019-05-31T12:50:16.215000Z
1124,1.1161100000000002,1.11614,2440000.0572,1870000.0048,2019-05-31T12:50:16.672000Z
1125,1.1161100000000002,1.11614,2250000.0,2869999.8856,2019-05-31T12:50:16.774000Z
1126,1.1161200000000002,1.11614,1000000.0,4369999.8856,2019-05-31T12:50:17.598000Z
1127,1.1161100000000002,1.11614,2250000.0,2869999.8856,2019-05-31T12:50:18.104000Z
1128,1.1161100000000002,1.11614,2440000.0572,1870000.0048,2019-05-31T12:50:19.755000Z
1129,1.1161100000000002,1.11614,3750000.0,4369999.8856,2019-05-31T12:50:20.016000Z
1130,1.1161100000000002,1.11614,2440000.0572,1120000.0048,2019-05-31T12:50:21.421000Z
1131,1.1161200000000002,1.11614,1000000.0,2509999.9905,2019-05-31T12:50:25.169000Z
1132,1.1161100000000002,1.11615,3190000.0572,3269999.9809,2019-05-31T12:50:25.969000Z
1133,1.1161200000000002,1.11615,1500000.0,5900000.0954,2019-05-31T12:50:26.273000Z
1134,1.11613,1.11615,1000000.0,1000000.0,2019-05-31T12:50:26.618000Z
1135,1.1161200000000002,1.11615,1250000.0,1000000.0,2019-05-31T12:50:26.720000Z
1136,1.11614,1.11615,1000000.0,1870000.0048,2019-05-31T12:50:26.771000Z
1137,1.11615,1.11619,2250000.0,7960000.0381,2019-05-31T12:50:26.874000Z
1138,1.11616,1.1162,2059999.9428,4019999.9809,2019-05-31T12:50:26.977000Z
1139,1.11616,1.1162,4309999.9428,3150000.0954,2019-05-31T12:50:27.084000Z
1140,1.11616,1.1162,1440000.0572,2400000.0954,2019-05-31T12:50:27.188000Z
1141,1.11616,1.1162,4690000.0572,8170000.0763,2019-05-31T12:50:27.292000Z
1142,1.11616,1.1162,5559999.9428,2450000.0477,2019-05-31T12:50:27.495000Z
1143,1.11616,1.1162,4690000.0572,2369999.8856,2019-05-31T12:50:27.757000Z
1144,1.11617,1.1162,1000000.0,5449999.8093,2019-05-31T12:50:28.164000Z
1145,1.11616,1.1162,2619999.8856,3200000.0477,2019-05-31T12:50:28.265000Z
1146,1.11617,1.1162,1000000.0,7019999.9809,2019-05-31T12:50:28.367000Z
1147,1.11616,1.11619,4119999.8856,1120000.0048,2019-05-31T12:50:28.469000Z
1148,1.11617,1.1162,1000000.0,5070000.1717,2019-05-31T12:50:29.227000Z
1149,1.11619,1.1162100000000001,4309999.9428,7090000.1526,2019-05-31T12:50:29.347000Z
1150,1.11619,1.1162200000000002,3559999.9428,3750000.0,2019-05-31T12:50:29.459000Z
1151,1.11619,1.1162100000000001,3750000.0,3369999.8856,2019-05-31T12:50:29.566000Z
1152,1.11617,1.1162100000000001,1250000.0,3640000.1049,2019-05-31T12:50:29.617000Z
1153,1.11617,1.1162,1000000.0,6360000.1335,2019-05-31T12:50:29.719000Z
1154,1.11616,1.11619,1309999.9428,2250000.0,2019-05-31T12:50:30.001000Z
1155,1.11617,1.11619,1000000.0,1500000.0,2019-05-31T12:50:30.729000Z
1156,1.11616,1.11619,2059999.9428,1000000.0,2019-05-31T12:50:30.832000Z
1157,1.11617,1.11619,1000000.0,2250000.0,2019-05-31T12:50:32.303000Z
1158,1.11616,1.11619,2440000.0572,1500000.0,2019-05-31T12:50:32.404000Z
1159,1.11616,1.11619,3240000.0095,2250000.0,2019-05-31T12:50:32.506000Z
1160,1.1162100000000001,1.11623,1000000.0,5820000.1717,2019-05-31T12:50:32.609000Z
1161,1.1162200000000002,1.1162400000000001,1000000.0,3190000.0572,2019-05-31T12:50:32.779000Z
1162,1.1162100000000001,1.1162400000000001,1250000.0,1870000.0048,2019-05-31T12:50:32.881000Z
1163,1.1162200000000002,1.1162400000000001,1000000.0,1250000.0,2019-05-31T12:50:34.535000Z
1164,1.1162100000000001,1.1162400000000001,1000000.0,1309999.9428,2019-05-31T12:50:34.637000Z
1165,1.1162200000000002,1.11625,1000000.0,8770000.4578,2019-05-31T12:50:34.855000Z
1166,1.1162100000000001,1.1162400000000001,1860000.0143,1309999.9428,2019-05-31T12:50:35.164000Z
1167,1.11623,1.1162400000000001,1120000.0048,1309999.9428,2019-05-31T12:50:35.854000Z
1168,1.1162200000000002,1.1162400000000001,1000000.0,2059999.9428,2019-05-31T12:50:35.905000Z
1169,1.1162100000000001,1.1162400000000001,1000000.0,1309999.9428,2019-05-31T12:50:36.008000Z
1170,1.1162200000000002,1.1162400000000001,1000000.0,2059999.9428,2019-05-31T12:50:36.186000Z
1171,1.1162100000000001,1.11625,1000000.0,8399999.6185,2019-05-31T12:50:36.288000Z
1172,1.1162,1.1162200000000002,3509999.9905,1250000.0,2019-05-31T12:50:37.107000Z
1173,1.11617,1.1162,1600000.0238,1000000.0,2019-05-31T12:50:37.160000Z
1174,1.11617,1.11619,1000000.0,1000000.0,2019-05-31T12:50:37.262000Z
1175,1.11617,1.11619,1000000.0,1269999.9809,2019-05-31T12:50:37.567000Z
1176,1.11617,1.1162,1000000.0,6170000.0763,2019-05-31T12:50:37.669000Z
1177,1.11617,1.1162,1000000.0,6820000.1717,2019-05-31T12:50:37.924000Z
1178,1.11616,1.1162,1940000.0572,6090000.1526,2019-05-31T12:50:38.295000Z
1179,1.11616,1.1162,1870000.0048,6199999.8093,2019-05-31T12:50:38.397000Z
1180,1.11616,1.1162,2690000.0572,5340000.1526,2019-05-31T12:50:38.549000Z
1181,1.11617,1.1162,3690000.0572,1309999.9428,2019-05-31T12:50:38.794000Z
1182,1.11617,1.1162100000000001,1000000.0,6760000.2289,2019-05-31T12:50:38.948000Z
1183,1.11618,1.1162,1000000.0,1870000.0048,2019-05-31T12:50:39.050000Z
1184,1.11618,1.1162100000000001,1000000.0,10560000.4196,2019-05-31T12:50:39.764000Z
1185,1.11617,1.1162100000000001,1000000.0,9710000.0381,2019-05-31T12:50:40.128000Z
1186,1.11617,1.11619,1500000.0,1500000.0,2019-05-31T12:50:40.268000Z
1187,1.11616,1.11619,3369999.8856,1120000.0048,2019-05-31T12:50:40.473000Z
1188,1.11617,1.11619,1000000.0,2619999.8856,2019-05-31T12:50:41.651000Z
1189,1.11617,1.1162,2250000.0,1100000.0238,2019-05-31T12:50:41.804000Z
1190,1.11619,1.1162100000000001,1500000.0,5590000.1526,2019-05-31T12:50:41.912000Z
1191,1.1162,1.1162200000000002,3190000.0572,1000000.0,2019-05-31T12:50:42.016000Z
1192,1.1162,1.11623,5440000.0572,1149999.9762,2019-05-31T12:50:42.067000Z
1193,1.1162100000000001,1.1162400000000001,1000000.0,5019999.9809,2019-05-31T12:50:42.221000Z
1194,1.1162100000000001,1.1162400000000001,1690000.0572,3220000.0286,2019-05-31T12:50:42.323000Z
1195,1.1162100000000001,1.11623,1000000.0,1950000.0477,2019-05-31T12:50:42.488000Z
1196,1.1162100000000001,1.1162400000000001,1000000.0,5400000.0954,2019-05-31T12:50:42.590000Z
1197,1.1162100000000001,1.1162400000000001,1000000.0,3460000.0381,2019-05-31T12:50:42.692000Z
1198,1.1162200000000002,1.11623,1000000.0,1000000.0,2019-05-31T12:50:42.902000Z
1199,1.1162100000000001,1.11623,3750000.0,1000000.0,2019-05-31T12:50:43.004000Z
1200,1.1162100000000001,1.1162400000000001,3000000.0,3259999.9905,2019-05-31T12:50:43.105000Z
1201,1.1162100000000001,1.11623,2250000.0,1000000.0,2019-05-31T12:50:43.866000Z
1202,1.1162100000000001,1.1162400000000001,4119999.8856,1000000.0,2019-05-31T12:50:44.236000Z
1203,1.1162200000000002,1.11625,2250000.0,7300000.1907,2019-05-31T12:50:44.340000Z
1204,1.1162100000000001,1.11625,4309999.9428,7219999.7902,2019-05-31T12:50:44.442000Z
1205,1.1162100000000001,1.11623,2440000.0572,1000000.0,2019-05-31T12:50:44.915000Z
1206,1.1162100000000001,1.1162400000000001,1690000.0572,1000000.0,2019-05-31T12:50:45.017000Z
1207,1.1162200000000002,1.1162400000000001,1000000.0,1500000.0,2019-05-31T12:50:45.119000Z
1208,1.1162100000000001,1.1162400000000001,1250000.0,1000000.0,2019-05-31T12:50:45.222000Z
1209,1.1162,1.1162200000000002,1500000.0,2250000.0,2019-05-31T12:50:45.349000Z
1210,1.11619,1.1162200000000002,1000000.0,2619999.8856,2019-05-31T12:50:45.452000Z
1211,1.11618,1.1162100000000001,1250000.0,1200000.0477,2019-05-31T12:50:45.554000Z
1212,1.11619,1.1162100000000001,3250000.0,4840000.1526,2019-05-31T12:50:45.757000Z
1213,1.11619,1.1162200000000002,1000000.0,5070000.1717,2019-05-31T12:50:45.910000Z
1214,1.1162100000000001,1.11623,1000000.0,6150000.0954,2019-05-31T12:50:46.114000Z
1215,1.1162,1.11623,2250000.0,1759999.9905,2019-05-31T12:50:46.165000Z
1216,1.1162100000000001,1.11623,1870000.0048,1000000.0,2019-05-31T12:50:46.268000Z
1217,1.1162100000000001,1.1162400000000001,1250000.0,3750000.0,2019-05-31T12:50:46.423000Z
1218,1.1162,1.1162400000000001,4309999.9428,4570000.1717,2019-05-31T12:50:46.883000Z
1219,1.1162,1.11623,5440000.0572,1000000.0,2019-05-31T12:50:47.169000Z
1220,1.1162100000000001,1.1162400000000001,1690000.0572,1570000.0525,2019-05-31T12:50:47.320000Z
1221,1.11623,1.11625,1000000.0,4570000.1717,2019-05-31T12:50:47.422000Z
1222,1.1162400000000001,1.11626,1000000.0,4199999.8093,2019-05-31T12:50:47.524000Z
1223,1.1162400000000001,1.11626,1000000.0,2819999.9332,2019-05-31T12:50:47.626000Z
1224,1.11623,1.11626,1870000.0048,7989999.7711,2019-05-31T12:50:47.921000Z
1225,1.1162200000000002,1.11625,1000000.0,2619999.8856,2019-05-31T12:50:48.023000Z
1226,1.1162100000000001,1.11625,6190000.0572,3450000.0477,2019-05-31T12:50:48.412000Z
1227,1.1162200000000002,1.11623,1000000.0,1500000.0,2019-05-31T12:50:48.514000Z
1228,1.1162100000000001,1.1162400000000001,2440000.0572,1870000.0048,2019-05-31T12:50:48.616000Z
1229,1.1162100000000001,1.1162400000000001,1750000.0,1870000.0048,2019-05-31T12:50:48.719000Z
1230,1.1162100000000001,1.1162400000000001,1000000.0,1690000.0572,2019-05-31T12:50:49.101000Z
1231,1.11623,1.11625,1000000.0,5099999.9046,2019-05-31T12:50:49.204000Z
1232,1.11625,1.11628,2250000.0,3599999.9046,2019-05-31T12:50:49.307000Z
1233,1.11625,1.11628,3750000.0,3190000.0572,2019-05-31T12:50:49.358000Z
1234,1.11625,1.11628,1000000.0,5159999.8474,2019-05-31T12:50:49.637000Z
1235,1.1162400000000001,1.11628,13369999.8856,3190000.0572,2019-05-31T12:50:49.739000Z
1236,1.1162400000000001,1.11628,8810000.4196,2440000.0572,2019-05-31T12:50:49.841000Z
1237,1.11626,1.11628,1000000.0,3750000.0,2019-05-31T12:50:50.094000Z
1238,1.11625,1.11628,3000000.0,3369999.8856,2019-05-31T12:50:50.661000Z
1239,1.1162400000000001,1.11628,11439999.5804,3369999.8856,2019-05-31T12:50:50.881000Z
1240,1.11626,1.11628,1000000.0,4869999.8856,2019-05-31T12:50:50.983000Z
1241,1.11625,1.11628,1000000.0,3369999.8856,2019-05-31T12:50:51.085000Z
1242,1.1162400000000001,1.11626,6900000.0954,1750000.0,2019-05-31T12:50:51.473000Z
1243,1.11623,1.11625,1000000.0,1120000.0048,2019-05-31T12:50:51.678000Z
1244,1.1162200000000002,1.11626,3369999.8856,9390000.3433,2019-05-31T12:50:52.144000Z
1245,1.1162100000000001,1.11623,2890000.1049,1000000.0,2019-05-31T12:50:52.614000Z
1246,1.1162,1.11623,2619999.8856,2059999.9428,2019-05-31T12:50:52.818000Z
1247,1.1162100000000001,1.11623,1000000.0,1309999.9428,2019-05-31T12:50:52.970000Z
1248,1.1162,1.1162400000000001,4869999.8856,5119999.8856,2019-05-31T12:50:54.338000Z
1249,1.1162,1.11623,4500000.0,1250000.0,2019-05-31T12:50:54.847000Z
1250,1.1162,1.11623,4559999.9428,1250000.0,2019-05-31T12:50:54.966000Z
1251,1.1162,1.11623,7389999.8665,1750000.0,2019-05-31T12:50:55.169000Z
1252,1.1162100000000001,1.11623,2250000.0,1750000.0,2019-05-31T12:50:55.271000Z
1253,1.1162100000000001,1.1162400000000001,3000000.0,9000000.0,2019-05-31T12:50:55.921000Z
1254,1.1162100000000001,1.1162200000000002,3000000.0,1000000.0,2019-05-31T12:50:56.073000Z
1255,1.11617,1.1162,6820000.1717,1870000.0048,2019-05-31T12:50:56.213000Z
1256,1.11617,1.1162,1500000.0,4719999.7902,2019-05-31T12:50:56.316000Z
1257,1.11616,1.11618,3000000.0,1120000.0048,2019-05-31T12:50:56.418000Z
1258,1.11617,1.1162,2250000.0,2319999.9332,2019-05-31T12:50:56.470000Z
1259,1.11618,1.1162,1000000.0,2000000.0,2019-05-31T12:50:56.572000Z
1260,1.11618,1.1162,1500000.0,2250000.0,2019-05-31T12:50:56.723000Z
1261,1.11617,1.1162,3940000.0572,2809999.9428,2019-05-31T12:50:56.826000Z
1262,1.11617,1.1162,6619999.8856,1000000.0,2019-05-31T12:50:56.928000Z
1263,1.11617,1.1162,2440000.0572,1000000.0,2019-05-31T12:50:57.440000Z
1264,1.11616,1.11619,11289999.9619,1000000.0,2019-05-31T12:50:57.745000Z
1265,1.11617,1.1162,1000000.0,3259999.9905,2019-05-31T12:50:58.719000Z
1266,1.11616,1.1162,2619999.8856,4690000.0572,2019-05-31T12:50:58.980000Z
