,bid,ask,bid_vol,ask_vol,time
0,1.23118,1.2312,1870000.0048,1250000.0,2018-03-29T12:45:00.184000Z
1,1.23116,1.23118,5320000.1717,1870000.0048,2018-03-29T12:45:00.737000Z
2,1.2311400000000001,1.23118,2700000.0477,7010000.2289,2018-03-29T12:45:00.790000Z
3,1.2311400000000001,1.23116,2250000.0,1120000.0048,2018-03-29T12:45:01.307000Z
4,1.23113,1.23115,2319999.9332,1000000.0,2018-03-29T12:45:03.156000Z
5,1.2311100000000001,1.23113,3069999.9332,1000000.0,2018-03-29T12:45:03.262000Z
6,1.2311100000000001,1.2311400000000001,1120000.0048,3559999.9428,2018-03-29T12:45:03.794000Z
7,1.2311100000000001,1.23113,1000000.0,1500000.0,2018-03-29T12:45:04.345000Z
8,1.23109,1.23113,8699999.8093,5059999.9428,2018-03-29T12:45:04.895000Z
9,1.23109,1.23113,5510000.2289,5139999.8665,2018-03-29T12:45:05.919000Z
10,1.23108,1.23109,3069999.9332,1000000.0,2018-03-29T12:45:07.816000Z
11,1.23106,1.23108,1309999.9428,2700000.0477,2018-03-29T12:45:08.068000Z
12,1.23107,1.23109,3069999.9332,1870000.0048,2018-03-29T12:45:08.426000Z
13,1.23108,1.2311,1100000.0238,1100000.0238,2018-03-29T12:45:08.478000Z
14,1.23109,1.2311100000000001,1950000.0477,1100000.0238,2018-03-29T12:45:08.736000Z
15,1.23109,1.23113,2700000.0477,8699999.8093,2018-03-29T12:45:08.788000Z
16,1.23109,1.23113,1950000.0477,10390000.3433,2018-03-29T12:45:10.792000Z
17,1.23109,1.23113,1950000.0477,11510000.2289,2018-03-29T12:45:11.306000Z
18,1.23109,1.2311200000000002,3069999.9332,2619999.8856,2018-03-29T12:45:11.862000Z
19,1.23108,1.2311,2509999.9905,1250000.0,2018-03-29T12:45:12.019000Z
20,1.23106,1.23109,3450000.0477,1000000.0,2018-03-29T12:45:12.284000Z
21,1.23106,1.23109,3069999.9332,1870000.0048,2018-03-29T12:45:13.321000Z
22,1.23106,1.23108,3069999.9332,1000000.0,2018-03-29T12:45:13.931000Z
23,1.23107,1.23109,1120000.0048,1870000.0048,2018-03-29T12:45:14.861000Z
24,1.23107,1.23108,1120000.0048,1000000.0,2018-03-29T12:45:15.632000Z
25,1.23107,1.23109,1120000.0048,2250000.0,2018-03-29T12:45:16.292000Z
26,1.23109,1.2311100000000001,1120000.0048,4309999.9428,2018-03-29T12:45:16.939000Z
27,1.23108,1.2311,5320000.1717,1000000.0,2018-03-29T12:45:17.467000Z
28,1.23108,1.2311100000000001,3819999.9332,1120000.0048,2018-03-29T12:45:18.547000Z
29,1.23108,1.2311100000000001,3450000.0477,1000000.0,2018-03-29T12:45:19.992000Z
30,1.23109,1.2311,1000000.0,1000000.0,2018-03-29T12:45:20.505000Z
31,1.23108,1.2311100000000001,3069999.9332,1000000.0,2018-03-29T12:45:21.040000Z
32,1.23108,1.2311100000000001,3450000.0477,1000000.0,2018-03-29T12:45:23.037000Z
33,1.23109,1.2311,1500000.0,1000000.0,2018-03-29T12:45:23.575000Z
34,1.23108,1.2311100000000001,6449999.8093,1000000.0,2018-03-29T12:45:24.279000Z
35,1.23106,1.2311,7389999.8665,3940000.0572,2018-03-29T12:45:24.693000Z
36,1.23107,1.2311,2319999.9332,1690000.0572,2018-03-29T12:45:25.272000Z
37,1.23107,1.23109,1500000.0,1500000.0,2018-03-29T12:45:26.579000Z
38,1.23106,1.23109,1120000.0048,4119999.8856,2018-03-29T12:45:27.738000Z
39,1.23105,1.23106,1000000.0,1000000.0,2018-03-29T12:45:27.841000Z
40,1.23105,1.23107,1000000.0,1120000.0048,2018-03-29T12:45:28.560000Z
41,1.23105,1.23106,1000000.0,1000000.0,2018-03-29T12:45:29.218000Z
42,1.23105,1.23107,1000000.0,5250000.0,2018-03-29T12:45:29.735000Z
43,1.23103,1.23104,2319999.9332,1000000.0,2018-03-29T12:45:30.161000Z
44,1.2310100000000002,1.23103,1269999.9809,1759999.9905,2018-03-29T12:45:30.267000Z
45,1.2310100000000002,1.2310200000000002,1120000.0048,1000000.0,2018-03-29T12:45:30.863000Z
46,1.231,1.2310200000000002,1120000.0048,2250000.0,2018-03-29T12:45:31.584000Z
47,1.231,1.23103,1870000.0048,4199999.8093,2018-03-29T12:45:32.130000Z
48,1.231,1.2310200000000002,1870000.0048,2250000.0,2018-03-29T12:45:33.079000Z
49,1.231,1.23103,1870000.0048,4199999.8093,2018-03-29T12:45:33.583000Z
50,1.231,1.23103,1120000.0048,4199999.8093,2018-03-29T12:45:34.131000Z
51,1.231,1.23103,1120000.0048,3000000.0,2018-03-29T12:45:34.980000Z
52,1.23099,1.23103,3750000.0,6260000.2289,2018-03-29T12:45:35.643000Z
53,1.23099,1.23103,2250000.0,4389999.8665,2018-03-29T12:45:36.160000Z
54,1.23099,1.2310100000000002,1500000.0,1500000.0,2018-03-29T12:45:36.411000Z
55,1.2309700000000001,1.231,8850000.3815,3000000.0,2018-03-29T12:45:36.466000Z
56,1.23099,1.2310100000000002,1120000.0048,4389999.8665,2018-03-29T12:45:36.614000Z
57,1.23098,1.231,1000000.0,1950000.0477,2018-03-29T12:45:38.016000Z
58,1.23099,1.23103,9369999.8856,4570000.1717,2018-03-29T12:45:38.533000Z
59,1.2310100000000002,1.2310200000000002,1000000.0,2250000.0,2018-03-29T12:45:38.585000Z
60,1.23099,1.2310200000000002,3299999.9523,3450000.0477,2018-03-29T12:45:38.747000Z
61,1.23099,1.2310100000000002,1120000.0048,1200000.0477,2018-03-29T12:45:39.276000Z
62,1.23099,1.231,1000000.0,1000000.0,2018-03-29T12:45:39.787000Z
63,1.23099,1.2310100000000002,1000000.0,2250000.0,2018-03-29T12:45:40.352000Z
64,1.23099,1.231,1000000.0,1000000.0,2018-03-29T12:45:41.751000Z
65,1.23099,1.2310100000000002,1000000.0,1950000.0477,2018-03-29T12:45:42.259000Z
66,1.23099,1.231,1000000.0,1000000.0,2018-03-29T12:45:44.728000Z
67,1.23099,1.2310100000000002,1000000.0,1000000.0,2018-03-29T12:45:45.274000Z
68,1.23099,1.231,1000000.0,1000000.0,2018-03-29T12:45:46.262000Z
69,1.23096,1.23099,5769999.9809,4119999.8856,2018-03-29T12:45:46.963000Z
70,1.23093,1.23096,4690000.0572,1000000.0,2018-03-29T12:45:47.118000Z
71,1.23093,1.23096,1500000.0,2319999.9332,2018-03-29T12:45:47.664000Z
72,1.23093,1.23096,1000000.0,5360000.1335,2018-03-29T12:45:48.197000Z
73,1.2309200000000002,1.23095,2319999.9332,1200000.0477,2018-03-29T12:45:48.962000Z
74,1.23089,1.2309100000000002,1870000.0048,2319999.9332,2018-03-29T12:45:49.274000Z
75,1.23088,1.2309,1000000.0,1200000.0477,2018-03-29T12:45:49.326000Z
76,1.23086,1.23088,6070000.1717,1000000.0,2018-03-29T12:45:49.554000Z
77,1.23085,1.2308700000000001,2250000.0,2700000.0477,2018-03-29T12:45:50.067000Z
78,1.23083,1.23086,1000000.0,2319999.9332,2018-03-29T12:45:50.243000Z
79,1.2308100000000002,1.23084,2250000.0,6000000.0,2018-03-29T12:45:50.348000Z
80,1.2308100000000002,1.23082,1120000.0048,1000000.0,2018-03-29T12:45:50.604000Z
81,1.2308100000000002,1.23084,1120000.0048,8319999.6948,2018-03-29T12:45:50.656000Z
82,1.2308000000000001,1.23083,2250000.0,5510000.2289,2018-03-29T12:45:50.963000Z
83,1.23079,1.23082,2809999.9428,1200000.0477,2018-03-29T12:45:51.113000Z
84,1.23079,1.23082,2059999.9428,1200000.0477,2018-03-29T12:45:51.625000Z
85,1.23078,1.23082,8250000.0,4199999.8093,2018-03-29T12:45:52.127000Z
86,1.2308000000000001,1.23082,1000000.0,3450000.0477,2018-03-29T12:45:52.673000Z
87,1.23079,1.23082,4690000.0572,2250000.0,2018-03-29T12:45:54.624000Z
88,1.23079,1.23082,2440000.0572,3190000.0572,2018-03-29T12:45:55.244000Z
89,1.23079,1.23082,2250000.0,1100000.0238,2018-03-29T12:45:55.945000Z
90,1.23078,1.2308100000000002,1500000.0,3750000.0,2018-03-29T12:45:55.997000Z
91,1.2307299999999999,1.2307700000000001,1250000.0,2509999.9905,2018-03-29T12:45:56.303000Z
92,1.2307299999999999,1.23075,2440000.0572,1250000.0,2018-03-29T12:45:56.869000Z
93,1.23076,1.2307700000000001,1500000.0,3259999.9905,2018-03-29T12:45:57.022000Z
94,1.23078,1.2308000000000001,3369999.8856,2140000.1049,2018-03-29T12:45:57.176000Z
95,1.2308000000000001,1.23082,1000000.0,2700000.0477,2018-03-29T12:45:57.278000Z
96,1.2308100000000002,1.23084,2250000.0,1100000.0238,2018-03-29T12:45:57.600000Z
97,1.2308000000000001,1.23082,1389999.9857,1000000.0,2018-03-29T12:45:57.651000Z
98,1.23078,1.23082,3369999.8856,1200000.0477,2018-03-29T12:45:58.702000Z
99,1.23078,1.23082,2440000.0572,3819999.9332,2018-03-29T12:45:59.216000Z
100,1.23078,1.23082,1690000.0572,3819999.9332,2018-03-29T12:45:59.921000Z
101,1.23078,1.23082,1120000.0048,3640000.1049,2018-03-29T12:46:00.422000Z
102,1.23078,1.2308000000000001,1000000.0,1370000.0048,2018-03-29T12:46:00.882000Z
103,1.23079,1.23082,1120000.0048,3819999.9332,2018-03-29T12:46:01.233000Z
104,1.23079,1.2308100000000002,1500000.0,1200000.0477,2018-03-29T12:46:02.202000Z
105,1.23079,1.23082,1250000.0,5690000.0572,2018-03-29T12:46:02.718000Z
106,1.23079,1.23082,1250000.0,5320000.1717,2018-03-29T12:46:03.333000Z
107,1.2308000000000001,1.23082,1000000.0,6639999.8665,2018-03-29T12:46:04.250000Z
108,1.23079,1.2308100000000002,2890000.1049,1500000.0,2018-03-29T12:46:04.792000Z
109,1.2308100000000002,1.23083,2809999.9428,6070000.1717,2018-03-29T12:46:05.364000Z
110,1.23083,1.23086,1000000.0,5769999.9809,2018-03-29T12:46:05.535000Z
111,1.23083,1.2308700000000001,2059999.9428,2099999.9046,2018-03-29T12:46:06.199000Z
112,1.23084,1.2308700000000001,1000000.0,4719999.7902,2018-03-29T12:46:06.787000Z
113,1.23083,1.2308700000000001,3220000.0286,1840000.0334,2018-03-29T12:46:08.241000Z
114,1.23083,1.2308700000000001,2140000.1049,3900000.0954,2018-03-29T12:46:08.745000Z
115,1.23083,1.2308700000000001,2140000.1049,1149999.9762,2018-03-29T12:46:09.295000Z
116,1.23083,1.2308700000000001,3039999.9619,4690000.0572,2018-03-29T12:46:10.136000Z
117,1.23083,1.2308700000000001,2890000.1049,4690000.0572,2018-03-29T12:46:10.699000Z
118,1.23083,1.2308700000000001,1759999.9905,10949999.8093,2018-03-29T12:46:11.220000Z
119,1.2308100000000002,1.23084,10010000.2289,4119999.8856,2018-03-29T12:46:11.483000Z
120,1.23079,1.23083,6449999.8093,2619999.8856,2018-03-29T12:46:11.725000Z
121,1.2308100000000002,1.23084,1000000.0,6079999.9237,2018-03-29T12:46:11.778000Z
122,1.23082,1.23086,4309999.9428,7010000.2289,2018-03-29T12:46:12.204000Z
123,1.23082,1.23085,3640000.1049,1000000.0,2018-03-29T12:46:12.831000Z
124,1.23082,1.2308700000000001,8510000.2289,12520000.4578,2018-03-29T12:46:13.349000Z
125,1.23084,1.2308700000000001,1870000.0048,2619999.8856,2018-03-29T12:46:13.725000Z
126,1.23084,1.23088,1250000.0,10390000.3433,2018-03-29T12:46:14.707000Z
127,1.23084,1.23086,1009999.9905,1000000.0,2018-03-29T12:46:15.856000Z
128,1.23084,1.2308700000000001,1100000.0238,5699999.8093,2018-03-29T12:46:16.372000Z
129,1.23093,1.23094,1120000.0048,3450000.0477,2018-03-29T12:46:16.699000Z
130,1.23093,1.2309700000000001,1370000.0048,11140000.3433,2018-03-29T12:46:16.909000Z
131,1.23093,1.23096,2059999.9428,2809999.9428,2018-03-29T12:46:18.069000Z
132,1.23093,1.23096,2619999.8856,1500000.0,2018-03-29T12:46:19.153000Z
133,1.23093,1.23095,1950000.0477,3190000.0572,2018-03-29T12:46:19.701000Z
134,1.2309100000000002,1.23094,2769999.9809,2700000.0477,2018-03-29T12:46:19.857000Z
135,1.2309100000000002,1.23093,1950000.0477,1000000.0,2018-03-29T12:46:19.909000Z
136,1.2309100000000002,1.23093,1000000.0,1120000.0048,2018-03-29T12:46:20.415000Z
137,1.2309100000000002,1.2309200000000002,1000000.0,1000000.0,2018-03-29T12:46:21.079000Z
138,1.2309100000000002,1.23093,1000000.0,1009999.9905,2018-03-29T12:46:21.602000Z
139,1.2309100000000002,1.2309200000000002,1000000.0,1500000.0,2018-03-29T12:46:22.427000Z
140,1.2309,1.2309200000000002,1000000.0,2250000.0,2018-03-29T12:46:22.946000Z
141,1.2309,1.2309200000000002,1000000.0,2059999.9428,2018-03-29T12:46:24.833000Z
142,1.2308700000000001,1.23089,1200000.0477,1000000.0,2018-03-29T12:46:25.041000Z
143,1.23084,1.23088,1870000.0048,6260000.2289,2018-03-29T12:46:25.218000Z
144,1.23082,1.23086,4199999.8093,1870000.0048,2018-03-29T12:46:25.627000Z
145,1.23084,1.2308700000000001,1000000.0,3640000.1049,2018-03-29T12:46:25.678000Z
146,1.23084,1.2308700000000001,1000000.0,1200000.0477,2018-03-29T12:46:26.730000Z
147,1.2308000000000001,1.23082,1120000.0048,1500000.0,2018-03-29T12:46:27.070000Z
148,1.23079,1.23082,1950000.0477,3069999.9332,2018-03-29T12:46:27.588000Z
149,1.23079,1.23082,1000000.0,2319999.9332,2018-03-29T12:46:28.243000Z
150,1.2307700000000001,1.2308000000000001,3450000.0477,1000000.0,2018-03-29T12:46:29.545000Z
151,1.23079,1.2308000000000001,1000000.0,1000000.0,2018-03-29T12:46:30.073000Z
152,1.23079,1.23083,1500000.0,12670000.0763,2018-03-29T12:46:30.126000Z
153,1.2308100000000002,1.23083,6820000.1717,1000000.0,2018-03-29T12:46:30.230000Z
154,1.23082,1.23085,10390000.3433,1120000.0048,2018-03-29T12:46:30.345000Z
155,1.23084,1.23086,1000000.0,2700000.0477,2018-03-29T12:46:31.639000Z
156,1.23083,1.23086,1200000.0477,2700000.0477,2018-03-29T12:46:34.102000Z
157,1.2308100000000002,1.23083,1120000.0048,1570000.0525,2018-03-29T12:46:34.258000Z
158,1.2308000000000001,1.23084,1570000.0525,9069999.6948,2018-03-29T12:46:34.803000Z
159,1.2308100000000002,1.23085,6260000.2289,2319999.9332,2018-03-29T12:46:36.097000Z
160,1.23083,1.2308700000000001,1759999.9905,10760000.2289,2018-03-29T12:46:36.508000Z
161,1.23083,1.2308700000000001,1570000.0525,11319999.6948,2018-03-29T12:46:37.009000Z
162,1.23083,1.2308700000000001,2890000.1049,7909999.8474,2018-03-29T12:46:41.254000Z
163,1.23085,1.2308700000000001,2140000.1049,1250000.0,2018-03-29T12:46:41.718000Z
164,1.23084,1.2308700000000001,1100000.0238,1100000.0238,2018-03-29T12:46:41.823000Z
165,1.23083,1.2308700000000001,3259999.9905,10239999.7711,2018-03-29T12:46:42.370000Z
166,1.23083,1.23085,1690000.0572,1000000.0,2018-03-29T12:46:42.885000Z
167,1.23083,1.23086,1500000.0,2619999.8856,2018-03-29T12:46:43.417000Z
168,1.23083,1.23085,2059999.9428,1000000.0,2018-03-29T12:46:43.960000Z
169,1.23082,1.23084,1250000.0,2250000.0,2018-03-29T12:46:44.767000Z
170,1.23083,1.23086,3190000.0572,1500000.0,2018-03-29T12:46:45.183000Z
171,1.23084,1.23085,1120000.0048,1000000.0,2018-03-29T12:46:45.792000Z
172,1.23084,1.2308700000000001,1120000.0048,6489999.7711,2018-03-29T12:46:46.106000Z
173,1.23083,1.23086,4690000.0572,1000000.0,2018-03-29T12:46:46.620000Z
174,1.23083,1.2308700000000001,4690000.0572,2140000.1049,2018-03-29T12:46:47.188000Z
175,1.23085,1.23088,5250000.0,5889999.8665,2018-03-29T12:46:47.447000Z
176,1.23088,1.2309100000000002,1000000.0,11890000.3433,2018-03-29T12:46:47.605000Z
177,1.2308700000000001,1.2309100000000002,4760000.2289,7010000.2289,2018-03-29T12:46:48.123000Z
178,1.2308700000000001,1.2309,4199999.8093,1000000.0,2018-03-29T12:46:48.626000Z
179,1.23088,1.2309100000000002,4500000.0,1500000.0,2018-03-29T12:46:49.025000Z
180,1.23088,1.2309200000000002,6340000.1526,1120000.0048,2018-03-29T12:46:49.551000Z
181,1.23088,1.2309200000000002,5889999.8665,1320000.0525,2018-03-29T12:46:50.533000Z
182,1.23089,1.2309200000000002,1120000.0048,1250000.0,2018-03-29T12:46:51.472000Z
183,1.23089,1.2309200000000002,1500000.0,1620000.0048,2018-03-29T12:46:53.057000Z
184,1.2309100000000002,1.2309200000000002,1000000.0,1000000.0,2018-03-29T12:46:55.254000Z
185,1.23093,1.23095,2250000.0,1120000.0048,2018-03-29T12:46:55.358000Z
186,1.23093,1.23096,3750000.0,1000000.0,2018-03-29T12:46:55.411000Z
187,1.23093,1.23096,3559999.9428,1000000.0,2018-03-29T12:46:56.985000Z
188,1.23093,1.23096,7389999.8665,1000000.0,2018-03-29T12:46:57.844000Z
189,1.23094,1.23098,1950000.0477,4349999.9046,2018-03-29T12:46:58.376000Z
190,1.23094,1.23098,1950000.0477,1120000.0048,2018-03-29T12:46:58.926000Z
191,1.23094,1.2309700000000001,5019999.9809,1000000.0,2018-03-29T12:46:59.733000Z
192,1.23093,1.23098,3670000.0763,5320000.1717,2018-03-29T12:47:00.277000Z
193,1.23093,1.2309700000000001,3559999.9428,1000000.0,2018-03-29T12:47:00.748000Z
194,1.23093,1.23094,1200000.0477,2700000.0477,2018-03-29T12:47:00.853000Z
195,1.2309100000000002,1.23093,2809999.9428,1000000.0,2018-03-29T12:47:00.957000Z
196,1.2309100000000002,1.23094,1120000.0048,2250000.0,2018-03-29T12:47:01.522000Z
197,1.2309200000000002,1.23093,1049999.9523,1000000.0,2018-03-29T12:47:02.039000Z
198,1.2309100000000002,1.23093,1000000.0,1370000.0048,2018-03-29T12:47:02.598000Z
199,1.2309,1.23093,1570000.0525,3640000.1049,2018-03-29T12:47:03.259000Z
200,1.2309,1.2309100000000002,1000000.0,1000000.0,2018-03-29T12:47:04.008000Z
201,1.23089,1.2309100000000002,3450000.0477,1000000.0,2018-03-29T12:47:05.518000Z
202,1.23089,1.2309200000000002,2619999.8856,1870000.0048,2018-03-29T12:47:09.456000Z
203,1.23089,1.2309100000000002,2619999.8856,1419999.9571,2018-03-29T12:47:10.204000Z
204,1.23088,1.2309200000000002,6449999.8093,3450000.0477,2018-03-29T12:47:13.473000Z
205,1.23088,1.2309200000000002,5699999.8093,3819999.9332,2018-03-29T12:47:14.837000Z
206,1.23088,1.2309200000000002,10390000.3433,4119999.8856,2018-03-29T12:47:15.433000Z
207,1.23089,1.2309200000000002,1000000.0,4500000.0,2018-03-29T12:47:16.604000Z
208,1.2309,1.2309200000000002,1000000.0,3750000.0,2018-03-29T12:47:17.498000Z
209,1.2309100000000002,1.2309200000000002,1100000.0238,3369999.8856,2018-03-29T12:47:18.367000Z
210,1.23093,1.23094,1000000.0,1950000.0477,2018-03-29T12:47:18.419000Z
211,1.23094,1.2309700000000001,2440000.0572,4570000.1717,2018-03-29T12:47:18.635000Z
212,1.23095,1.2309700000000001,1120000.0048,1500000.0,2018-03-29T12:47:19.143000Z
213,1.23095,1.23098,1000000.0,2440000.0572,2018-03-29T12:47:20.653000Z
214,1.23095,1.2309700000000001,1000000.0,1000000.0,2018-03-29T12:47:21.222000Z
215,1.23095,1.23098,1000000.0,2440000.0572,2018-03-29T12:47:21.736000Z
216,1.23095,1.2309700000000001,1000000.0,1000000.0,2018-03-29T12:47:22.275000Z
217,1.23094,1.2309700000000001,3259999.9905,1000000.0,2018-03-29T12:47:22.790000Z
218,1.23094,1.23096,6000000.0,1000000.0,2018-03-29T12:47:23.426000Z
219,1.23093,1.23094,1200000.0477,1500000.0,2018-03-29T12:47:23.532000Z
220,1.2309100000000002,1.23093,1370000.0048,3369999.8856,2018-03-29T12:47:23.585000Z
221,1.2309,1.2309100000000002,1120000.0048,1120000.0048,2018-03-29T12:47:23.639000Z
222,1.23088,1.2309100000000002,11699999.8093,1120000.0048,2018-03-29T12:47:23.795000Z
223,1.23089,1.2309100000000002,1000000.0,1120000.0048,2018-03-29T12:47:24.676000Z
224,1.23088,1.2309100000000002,11319999.6948,1120000.0048,2018-03-29T12:47:25.219000Z
225,1.23089,1.2309100000000002,1000000.0,1120000.0048,2018-03-29T12:47:26.256000Z
226,1.23088,1.2309200000000002,6820000.1717,3190000.0572,2018-03-29T12:47:26.944000Z
227,1.23089,1.2309100000000002,1000000.0,1309999.9428,2018-03-29T12:47:28.019000Z
228,1.23089,1.2309100000000002,1000000.0,1309999.9428,2018-03-29T12:47:28.630000Z
229,1.23088,1.2309100000000002,9819999.6948,1120000.0048,2018-03-29T12:47:29.292000Z
230,1.23089,1.2309100000000002,1000000.0,1250000.0,2018-03-29T12:47:30.154000Z
231,1.23088,1.2309100000000002,5320000.1717,1000000.0,2018-03-29T12:47:32.747000Z
232,1.23089,1.2309100000000002,1000000.0,1250000.0,2018-03-29T12:47:33.340000Z
233,1.23088,1.2309200000000002,3069999.9332,4690000.0572,2018-03-29T12:47:34.053000Z
234,1.23088,1.2309200000000002,2509999.9905,2809999.9428,2018-03-29T12:47:35.870000Z
235,1.23089,1.2309100000000002,2440000.0572,1000000.0,2018-03-29T12:47:36.788000Z
236,1.23088,1.2309200000000002,7570000.1717,2809999.9428,2018-03-29T12:47:37.303000Z
237,1.23088,1.2309200000000002,7199999.8093,3190000.0572,2018-03-29T12:47:38.557000Z
238,1.2309,1.2309200000000002,1500000.0,3750000.0,2018-03-29T12:47:43.385000Z
239,1.23089,1.2309200000000002,1500000.0,2809999.9428,2018-03-29T12:47:43.960000Z
240,1.2308700000000001,1.23089,1100000.0238,4309999.9428,2018-03-29T12:47:49.897000Z
241,1.23085,1.23088,1870000.0048,1500000.0,2018-03-29T12:47:51.152000Z
242,1.23085,1.23088,1000000.0,3940000.0572,2018-03-29T12:47:51.671000Z
243,1.2308000000000001,1.23082,1309999.9428,1000000.0,2018-03-29T12:47:52.816000Z
244,1.23075,1.23078,4500000.0,1570000.0525,2018-03-29T12:47:53.082000Z
245,1.23074,1.23075,8699999.8093,2619999.8856,2018-03-29T12:47:53.546000Z
246,1.23069,1.2307100000000002,1000000.0,4199999.8093,2018-03-29T12:47:53.653000Z
247,1.2307100000000002,1.23072,1500000.0,1120000.0048,2018-03-29T12:47:53.812000Z
248,1.23074,1.23076,2250000.0,1000000.0,2018-03-29T12:47:54.177000Z
249,1.23076,1.23078,1500000.0,2440000.0572,2018-03-29T12:47:54.230000Z
250,1.23079,1.23082,1100000.0238,2890000.1049,2018-03-29T12:47:54.441000Z
251,1.23079,1.23082,2890000.1049,1100000.0238,2018-03-29T12:47:54.596000Z
252,1.23079,1.23082,1950000.0477,1100000.0238,2018-03-29T12:47:54.699000Z
253,1.2307700000000001,1.23078,1570000.0525,4500000.0,2018-03-29T12:47:55.042000Z
254,1.23069,1.23072,2440000.0572,1570000.0525,2018-03-29T12:47:55.201000Z
255,1.23068,1.2307100000000002,1690000.0572,1950000.0477,2018-03-29T12:47:55.307000Z
256,1.23068,1.2307100000000002,1000000.0,4389999.8665,2018-03-29T12:47:56.048000Z
257,1.2307000000000001,1.2307100000000002,2619999.8856,1950000.0477,2018-03-29T12:47:57.926000Z
258,1.23068,1.2307000000000001,3069999.9332,1250000.0,2018-03-29T12:47:58.250000Z
259,1.23068,1.23072,2250000.0,4010000.2289,2018-03-29T12:47:58.508000Z
260,1.23068,1.23072,1500000.0,4760000.2289,2018-03-29T12:47:58.961000Z
261,1.23068,1.23072,4949999.8093,6070000.1717,2018-03-29T12:47:59.645000Z
262,1.2307000000000001,1.2307299999999999,3190000.0572,4760000.2289,2018-03-29T12:47:59.803000Z
263,1.23068,1.2307100000000002,3069999.9332,2250000.0,2018-03-29T12:47:59.998000Z
264,1.23068,1.2307100000000002,2440000.0572,1950000.0477,2018-03-29T12:48:02.696000Z
265,1.23068,1.2307100000000002,1309999.9428,1389999.9857,2018-03-29T12:48:03.516000Z
266,1.23068,1.2307100000000002,2250000.0,1389999.9857,2018-03-29T12:48:03.823000Z
267,1.2307000000000001,1.23072,2619999.8856,1870000.0048,2018-03-29T12:48:04.091000Z
268,1.2307299999999999,1.23074,1690000.0572,1870000.0048,2018-03-29T12:48:04.303000Z
269,1.23074,1.2307700000000001,9640000.3433,1000000.0,2018-03-29T12:48:04.508000Z
270,1.23075,1.23078,1759999.9905,2319999.9332,2018-03-29T12:48:05.020000Z
271,1.23075,1.23078,1200000.0477,3259999.9905,2018-03-29T12:48:05.537000Z
272,1.23074,1.23078,1500000.0,3259999.9905,2018-03-29T12:48:06.208000Z
273,1.23074,1.23078,3069999.9332,3369999.8856,2018-03-29T12:48:07.006000Z
274,1.23074,1.23078,1570000.0525,1870000.0048,2018-03-29T12:48:07.654000Z
275,1.23074,1.2307700000000001,1500000.0,1250000.0,2018-03-29T12:48:08.169000Z
276,1.23074,1.2307700000000001,1500000.0,1250000.0,2018-03-29T12:48:08.687000Z
277,1.23074,1.2307700000000001,1500000.0,1250000.0,2018-03-29T12:48:09.219000Z
278,1.23074,1.23076,2250000.0,1000000.0,2018-03-29T12:48:09.789000Z
279,1.2307299999999999,1.2307700000000001,4010000.2289,2440000.0572,2018-03-29T12:48:10.438000Z
280,1.2307299999999999,1.23076,5510000.2289,1000000.0,2018-03-29T12:48:12.128000Z
281,1.2307100000000002,1.23074,4010000.2289,8699999.8093,2018-03-29T12:48:12.679000Z
282,1.2307000000000001,1.2307299999999999,3450000.0477,5250000.0,2018-03-29T12:48:12.732000Z
283,1.2307000000000001,1.23072,1120000.0048,1500000.0,2018-03-29T12:48:13.500000Z
284,1.23069,1.23072,1870000.0048,1500000.0,2018-03-29T12:48:14.021000Z
285,1.23068,1.2307000000000001,3369999.8856,1120000.0048,2018-03-29T12:48:14.789000Z
286,1.23072,1.23075,1120000.0048,2250000.0,2018-03-29T12:48:15.100000Z
287,1.2307000000000001,1.2307299999999999,6860000.1335,1009999.9905,2018-03-29T12:48:15.619000Z
288,1.2307000000000001,1.23074,4989999.7711,5139999.8665,2018-03-29T12:48:16.205000Z
289,1.23072,1.23076,12750000.0,2700000.0477,2018-03-29T12:48:16.516000Z
290,1.2307299999999999,1.23076,2890000.1049,2700000.0477,2018-03-29T12:48:17.062000Z
291,1.2307299999999999,1.23075,4239999.7711,1309999.9428,2018-03-29T12:48:17.576000Z
292,1.2307299999999999,1.23076,1240000.0095,1759999.9905,2018-03-29T12:48:18.101000Z
293,1.23075,1.23076,1250000.0,2250000.0,2018-03-29T12:48:18.566000Z
294,1.2307299999999999,1.23075,2250000.0,5250000.0,2018-03-29T12:48:23.798000Z
295,1.2307299999999999,1.23076,1500000.0,3750000.0,2018-03-29T12:48:24.311000Z
296,1.2307299999999999,1.23076,5510000.2289,1000000.0,2018-03-29T12:48:24.860000Z
297,1.2307299999999999,1.23076,6070000.1717,1000000.0,2018-03-29T12:48:25.411000Z
298,1.23075,1.2307700000000001,1250000.0,1500000.0,2018-03-29T12:48:27.902000Z
299,1.23075,1.2307700000000001,1389999.9857,2059999.9428,2018-03-29T12:48:28.405000Z
300,1.23076,1.23078,1000000.0,1570000.0525,2018-03-29T12:48:30.097000Z
301,1.23076,1.23078,1000000.0,1100000.0238,2018-03-29T12:48:30.797000Z
302,1.23076,1.23079,1000000.0,3369999.8856,2018-03-29T12:48:31.307000Z
303,1.23078,1.2308000000000001,1000000.0,5699999.8093,2018-03-29T12:48:32.190000Z
304,1.23078,1.2308000000000001,1100000.0238,1500000.0,2018-03-29T12:48:32.704000Z
305,1.23078,1.2308100000000002,1100000.0238,1009999.9905,2018-03-29T12:48:33.448000Z
306,1.23078,1.2308100000000002,8109999.6567,1009999.9905,2018-03-29T12:48:33.972000Z
307,1.23079,1.2308100000000002,1120000.0048,1289999.9619,2018-03-29T12:48:34.493000Z
308,1.23082,1.23084,6489999.7711,2809999.9428,2018-03-29T12:48:37.495000Z
309,1.23085,1.2308700000000001,1500000.0,1570000.0525,2018-03-29T12:48:37.547000Z
310,1.23085,1.23088,6190000.0572,1000000.0,2018-03-29T12:48:38.075000Z
311,1.23086,1.23088,1309999.9428,1440000.0572,2018-03-29T12:48:39.945000Z
312,1.23086,1.23088,1000000.0,1200000.0477,2018-03-29T12:48:40.888000Z
313,1.23088,1.2309,2250000.0,1460000.0381,2018-03-29T12:48:40.991000Z
314,1.23089,1.2309200000000002,1000000.0,1870000.0048,2018-03-29T12:48:41.145000Z
315,1.23089,1.2309200000000002,1000000.0,3640000.1049,2018-03-29T12:48:42.125000Z
316,1.23086,1.23089,9039999.9619,1250000.0,2018-03-29T12:48:42.229000Z
317,1.2308700000000001,1.23089,1690000.0572,1200000.0477,2018-03-29T12:48:43.933000Z
318,1.23088,1.2309100000000002,1000000.0,3190000.0572,2018-03-29T12:48:44.439000Z
319,1.23086,1.23088,9069999.6948,1000000.0,2018-03-29T12:48:44.927000Z
320,1.23085,1.2308700000000001,2140000.1049,1000000.0,2018-03-29T12:48:45.235000Z
321,1.23085,1.23088,2059999.9428,1100000.0238,2018-03-29T12:48:46.046000Z
322,1.23086,1.23088,1309999.9428,2250000.0,2018-03-29T12:48:46.642000Z
323,1.23084,1.23086,1000000.0,2849999.9046,2018-03-29T12:48:48.741000Z
324,1.23083,1.23085,1690000.0572,1870000.0048,2018-03-29T12:48:48.846000Z
325,1.23084,1.2308700000000001,1000000.0,3259999.9905,2018-03-29T12:48:49.366000Z
326,1.23085,1.2308700000000001,1000000.0,3369999.8856,2018-03-29T12:48:50.824000Z
327,1.2308700000000001,1.23089,1500000.0,4389999.8665,2018-03-29T12:48:51.002000Z
328,1.23083,1.23085,3259999.9905,2119999.8856,2018-03-29T12:48:51.471000Z
329,1.2308100000000002,1.23084,2250000.0,1120000.0048,2018-03-29T12:48:51.731000Z
330,1.23082,1.23086,1500000.0,4010000.2289,2018-03-29T12:48:52.841000Z
331,1.23084,1.23086,2119999.8856,2319999.9332,2018-03-29T12:48:53.536000Z
332,1.2308700000000001,1.23089,6369999.8856,4389999.8665,2018-03-29T12:48:53.642000Z
333,1.23088,1.2309100000000002,1500000.0,1759999.9905,2018-03-29T12:48:53.748000Z
334,1.23088,1.2309100000000002,3000000.0,3640000.1049,2018-03-29T12:48:54.276000Z
335,1.23088,1.2309,2059999.9428,1909999.9666,2018-03-29T12:48:55.209000Z
336,1.23086,1.23088,1500000.0,1289999.9619,2018-03-29T12:48:55.576000Z
337,1.23085,1.23088,1690000.0572,1120000.0048,2018-03-29T12:48:55.730000Z
338,1.23084,1.2308700000000001,2619999.8856,1250000.0,2018-03-29T12:48:56.248000Z
339,1.23084,1.2308700000000001,2619999.8856,1000000.0,2018-03-29T12:48:56.780000Z
340,1.23088,1.23089,1000000.0,1000000.0,2018-03-29T12:48:57.062000Z
341,1.2308700000000001,1.23089,1000000.0,1500000.0,2018-03-29T12:48:57.565000Z
342,1.23086,1.23089,3369999.8856,1000000.0,2018-03-29T12:48:58.081000Z
343,1.2308700000000001,1.23089,1120000.0048,2809999.9428,2018-03-29T12:48:58.643000Z
344,1.23086,1.23089,2319999.9332,1389999.9857,2018-03-29T12:48:59.182000Z
345,1.23086,1.23089,1690000.0572,2700000.0477,2018-03-29T12:48:59.685000Z
346,1.23086,1.23089,1309999.9428,4570000.1717,2018-03-29T12:49:00.204000Z
347,1.23085,1.2308700000000001,3000000.0,1000000.0,2018-03-29T12:49:00.780000Z
348,1.23085,1.2308700000000001,2250000.0,1000000.0,2018-03-29T12:49:01.308000Z
349,1.23086,1.2308700000000001,1000000.0,1000000.0,2018-03-29T12:49:01.856000Z
350,1.23085,1.2308700000000001,3190000.0572,1000000.0,2018-03-29T12:49:02.378000Z
351,1.23085,1.23089,3940000.0572,3640000.1049,2018-03-29T12:49:02.914000Z
352,1.23086,1.23089,3190000.0572,3750000.0,2018-03-29T12:49:03.447000Z
353,1.2308700000000001,1.2309,1950000.0477,1570000.0525,2018-03-29T12:49:04.013000Z
354,1.23088,1.2309200000000002,1570000.0525,6260000.2289,2018-03-29T12:49:04.337000Z
355,1.23089,1.2309100000000002,1000000.0,1120000.0048,2018-03-29T12:49:04.869000Z
356,1.2308700000000001,1.23089,4869999.8856,1120000.0048,2018-03-29T12:49:06.723000Z
357,1.2308700000000001,1.23088,1250000.0,1200000.0477,2018-03-29T12:49:07.258000Z
358,1.23086,1.23088,1309999.9428,1570000.0525,2018-03-29T12:49:08.704000Z
359,1.23085,1.23088,3559999.9428,1120000.0048,2018-03-29T12:49:09.384000Z
360,1.23083,1.23085,1950000.0477,3369999.8856,2018-03-29T12:49:10.702000Z
361,1.2308100000000002,1.23085,2440000.0572,4760000.2289,2018-03-29T12:49:10.754000Z
362,1.23083,1.23084,1000000.0,1000000.0,2018-03-29T12:49:11.395000Z
363,1.23085,1.2308700000000001,1000000.0,1500000.0,2018-03-29T12:49:11.708000Z
364,1.23085,1.2308700000000001,1000000.0,1000000.0,2018-03-29T12:49:12.783000Z
365,1.23083,1.23085,1200000.0477,2059999.9428,2018-03-29T12:49:13.520000Z
366,1.23082,1.23085,2059999.9428,4119999.8856,2018-03-29T12:49:14.840000Z
367,1.23082,1.23084,1000000.0,1870000.0048,2018-03-29T12:49:16.281000Z
368,1.2308100000000002,1.23084,5440000.0572,4500000.0,2018-03-29T12:49:16.385000Z
369,1.23083,1.23085,2250000.0,1500000.0,2018-03-29T12:49:16.593000Z
370,1.23085,1.23088,8510000.2289,1000000.0,2018-03-29T12:49:16.896000Z
371,1.23085,1.23088,3259999.9905,1000000.0,2018-03-29T12:49:17.450000Z
372,1.23086,1.23088,2619999.8856,1000000.0,2018-03-29T12:49:17.983000Z
373,1.23085,1.23089,4949999.8093,1370000.0048,2018-03-29T12:49:18.500000Z
374,1.2308700000000001,1.2309,3000000.0,2019999.9809,2018-03-29T12:49:18.948000Z
375,1.2308700000000001,1.2309100000000002,6369999.8856,6260000.2289,2018-03-29T12:49:19.467000Z
376,1.23088,1.2309,1000000.0,1250000.0,2018-03-29T12:49:24.309000Z
377,1.23088,1.2309200000000002,1570000.0525,4309999.9428,2018-03-29T12:49:24.838000Z
378,1.23088,1.2309200000000002,2509999.9905,1250000.0,2018-03-29T12:49:25.491000Z
379,1.23088,1.2309200000000002,3670000.0763,2440000.0572,2018-03-29T12:49:25.997000Z
380,1.2309100000000002,1.23095,6599999.9046,8140000.3433,2018-03-29T12:49:26.443000Z
381,1.23093,1.23095,1120000.0048,1250000.0,2018-03-29T12:49:26.751000Z
382,1.2309200000000002,1.23095,2809999.9428,8890000.3433,2018-03-29T12:49:27.266000Z
383,1.2309100000000002,1.23093,1250000.0,1309999.9428,2018-03-29T12:49:27.807000Z
384,1.2309200000000002,1.23094,1250000.0,2700000.0477,2018-03-29T12:49:28.537000Z
385,1.2309100000000002,1.23095,1690000.0572,2019999.9809,2018-03-29T12:49:28.744000Z
386,1.2309100000000002,1.23094,2440000.0572,3559999.9428,2018-03-29T12:49:28.848000Z
387,1.2309200000000002,1.23095,1250000.0,16569999.6948,2018-03-29T12:49:29.894000Z
388,1.23089,1.23093,4989999.7711,2619999.8856,2018-03-29T12:49:29.998000Z
389,1.23088,1.2309100000000002,2890000.1049,2890000.1049,2018-03-29T12:49:30.205000Z
390,1.23088,1.2309100000000002,2319999.9332,1100000.0238,2018-03-29T12:49:30.513000Z
391,1.23089,1.2309200000000002,1000000.0,8329999.9237,2018-03-29T12:49:31.377000Z
392,1.23089,1.2309200000000002,1500000.0,1870000.0048,2018-03-29T12:49:34.834000Z
393,1.2309,1.2309200000000002,1000000.0,4010000.2289,2018-03-29T12:49:35.392000Z
394,1.23089,1.2309200000000002,2250000.0,1320000.0525,2018-03-29T12:49:36.257000Z
395,1.23089,1.23093,2250000.0,12489999.7711,2018-03-29T12:49:37.255000Z
396,1.2309,1.2309200000000002,1000000.0,1200000.0477,2018-03-29T12:49:38.089000Z
397,1.23088,1.23089,1759999.9905,1500000.0,2018-03-29T12:49:38.295000Z
398,1.2308100000000002,1.23083,1500000.0,4909999.8474,2018-03-29T12:49:38.607000Z
399,1.23079,1.23082,1250000.0,1870000.0048,2018-03-29T12:49:38.814000Z
400,1.23079,1.2308100000000002,1250000.0,3069999.9332,2018-03-29T12:49:39.822000Z
401,1.23079,1.23082,1250000.0,2140000.1049,2018-03-29T12:49:40.347000Z
402,1.2308000000000001,1.23082,1250000.0,1100000.0238,2018-03-29T12:49:41.653000Z
403,1.23079,1.23083,1250000.0,1950000.0477,2018-03-29T12:49:42.257000Z
404,1.2308000000000001,1.23083,1250000.0,7010000.2289,2018-03-29T12:49:44.862000Z
405,1.23079,1.23083,2140000.1049,3069999.9332,2018-03-29T12:49:45.373000Z
406,1.2308000000000001,1.23083,1250000.0,2319999.9332,2018-03-29T12:49:45.887000Z
407,1.23079,1.23083,1389999.9857,1759999.9905,2018-03-29T12:49:46.483000Z
408,1.2308000000000001,1.23083,1000000.0,2509999.9905,2018-03-29T12:49:47.025000Z
409,1.2308000000000001,1.23083,1000000.0,1309999.9428,2018-03-29T12:49:47.652000Z
410,1.23083,1.23084,1000000.0,1100000.0238,2018-03-29T12:49:48.046000Z
411,1.23084,1.23086,1690000.0572,1870000.0048,2018-03-29T12:49:48.155000Z
412,1.23084,1.2308700000000001,4570000.1717,1200000.0477,2018-03-29T12:49:48.842000Z
413,1.23084,1.2308700000000001,3450000.0477,1200000.0477,2018-03-29T12:49:49.801000Z
414,1.23085,1.23088,2700000.0477,1950000.0477,2018-03-29T12:49:52.362000Z
415,1.23084,1.23086,2059999.9428,2059999.9428,2018-03-29T12:49:56.757000Z
416,1.23079,1.23082,1200000.0477,1759999.9905,2018-03-29T12:49:57.018000Z
417,1.2308000000000001,1.23084,4199999.8093,1200000.0477,2018-03-29T12:49:57.225000Z
418,1.2308000000000001,1.23084,11250000.0,1120000.0048,2018-03-29T12:49:57.904000Z
419,1.2308100000000002,1.23084,1500000.0,1120000.0048,2018-03-29T12:49:58.467000Z
420,1.23085,1.23088,1250000.0,3819999.9332,2018-03-29T12:49:58.793000Z
421,1.23084,1.23085,1309999.9428,1000000.0,2018-03-29T12:49:59.259000Z
422,1.2308000000000001,1.23083,1500000.0,3259999.9905,2018-03-29T12:49:59.540000Z
423,1.2308100000000002,1.23083,1000000.0,3859999.8951,2018-03-29T12:50:00.376000Z
424,1.2308000000000001,1.23083,1250000.0,1100000.0238,2018-03-29T12:50:01.144000Z
425,1.23083,1.23086,1370000.0048,1759999.9905,2018-03-29T12:50:01.445000Z
426,1.23082,1.23085,3819999.9332,1120000.0048,2018-03-29T12:50:01.500000Z
427,1.2308100000000002,1.23084,1000000.0,6449999.8093,2018-03-29T12:50:02.021000Z
428,1.23082,1.23084,3369999.8856,4119999.8856,2018-03-29T12:50:03.075000Z
429,1.23084,1.23086,1100000.0238,1120000.0048,2018-03-29T12:50:03.228000Z
430,1.23083,1.2308700000000001,7460000.0381,1500000.0,2018-03-29T12:50:04.605000Z
431,1.23083,1.23088,4949999.8093,4010000.2289,2018-03-29T12:50:06.204000Z
432,1.23085,1.23088,1120000.0048,5139999.8665,2018-03-29T12:50:06.789000Z
433,1.23083,1.23088,7650000.0954,4389999.8665,2018-03-29T12:50:07.570000Z
434,1.23086,1.23088,1120000.0048,6449999.8093,2018-03-29T12:50:08.323000Z
435,1.23085,1.2308700000000001,1309999.9428,1120000.0048,2018-03-29T12:50:09.479000Z
436,1.2308100000000002,1.23084,1250000.0,3819999.9332,2018-03-29T12:50:09.781000Z
437,1.23084,1.23086,1250000.0,3069999.9332,2018-03-29T12:50:10.122000Z
438,1.23083,1.23086,2059999.9428,4010000.2289,2018-03-29T12:50:10.639000Z
439,1.23084,1.23086,1250000.0,4949999.8093,2018-03-29T12:50:11.157000Z
440,1.23083,1.23086,1500000.0,4760000.2289,2018-03-29T12:50:11.692000Z
441,1.23084,1.23086,1250000.0,2700000.0477,2018-03-29T12:50:12.436000Z
442,1.23083,1.23086,1690000.0572,2509999.9905,2018-03-29T12:50:13.019000Z
443,1.23084,1.23086,1309999.9428,1870000.0048,2018-03-29T12:50:13.704000Z
444,1.23082,1.23083,1759999.9905,1500000.0,2018-03-29T12:50:14.629000Z
445,1.2307700000000001,1.23079,1120000.0048,1100000.0238,2018-03-29T12:50:14.783000Z
446,1.23076,1.2307700000000001,2059999.9428,1250000.0,2018-03-29T12:50:15.193000Z
447,1.23076,1.23078,3869999.8856,3259999.9905,2018-03-29T12:50:16.923000Z
448,1.23076,1.2307700000000001,2250000.0,1250000.0,2018-03-29T12:50:17.635000Z
449,1.2307700000000001,1.23078,1250000.0,2059999.9428,2018-03-29T12:50:18.151000Z
450,1.23078,1.23079,1500000.0,2319999.9332,2018-03-29T12:50:18.204000Z
451,1.23078,1.2308100000000002,10500000.0,1690000.0572,2018-03-29T12:50:18.256000Z
452,1.2308000000000001,1.23083,1570000.0525,2920000.0763,2018-03-29T12:50:22.958000Z
453,1.2308000000000001,1.23083,2960000.0381,2319999.9332,2018-03-29T12:50:23.010000Z
454,1.23083,1.23085,1500000.0,3069999.9332,2018-03-29T12:50:23.373000Z
455,1.23083,1.23085,1250000.0,1759999.9905,2018-03-29T12:50:25.184000Z
456,1.23083,1.23085,1500000.0,3000000.0,2018-03-29T12:50:26.296000Z
457,1.23082,1.23084,1120000.0048,1570000.0525,2018-03-29T12:50:29.124000Z
458,1.23083,1.23085,1250000.0,4949999.8093,2018-03-29T12:50:29.691000Z
459,1.23083,1.23086,3190000.0572,2319999.9332,2018-03-29T12:50:30.211000Z
460,1.23086,1.2308700000000001,2250000.0,1389999.9857,2018-03-29T12:50:31.397000Z
461,1.2308700000000001,1.23088,1250000.0,1000000.0,2018-03-29T12:50:31.610000Z
462,1.23084,1.23088,5139999.8665,2059999.9428,2018-03-29T12:50:32.443000Z
463,1.23086,1.2308700000000001,1250000.0,1500000.0,2018-03-29T12:50:32.956000Z
464,1.23085,1.2308700000000001,1250000.0,2319999.9332,2018-03-29T12:50:34.026000Z
465,1.23084,1.2308700000000001,4119999.8856,4570000.1717,2018-03-29T12:50:34.847000Z
466,1.23085,1.2308700000000001,1000000.0,1009999.9905,2018-03-29T12:50:37.006000Z
467,1.23085,1.2308700000000001,1000000.0,1759999.9905,2018-03-29T12:50:39.275000Z
468,1.23084,1.2308700000000001,30370000.8392,1759999.9905,2018-03-29T12:50:39.328000Z
469,1.23086,1.23088,1000000.0,3640000.1049,2018-03-29T12:50:39.432000Z
470,1.23086,1.23089,1000000.0,8510000.2289,2018-03-29T12:50:41.256000Z
471,1.23086,1.23088,1000000.0,4760000.2289,2018-03-29T12:50:41.778000Z
472,1.23085,1.2308700000000001,1000000.0,3819999.9332,2018-03-29T12:50:43.051000Z
473,1.23082,1.23083,10760000.2289,2250000.0,2018-03-29T12:50:46.393000Z
474,1.23079,1.23082,4760000.2289,1100000.0238,2018-03-29T12:50:46.577000Z
475,1.23079,1.2308000000000001,3940000.0572,1000000.0,2018-03-29T12:50:46.684000Z
476,1.2308000000000001,1.23082,1500000.0,2740000.0095,2018-03-29T12:50:46.737000Z
477,1.2308000000000001,1.23082,1000000.0,2700000.0477,2018-03-29T12:50:47.249000Z
478,1.23082,1.23084,2809999.9428,3640000.1049,2018-03-29T12:50:47.352000Z
479,1.23082,1.23085,4869999.8856,3940000.0572,2018-03-29T12:50:47.610000Z
480,1.2308000000000001,1.23083,2319999.9332,1000000.0,2018-03-29T12:50:47.714000Z
481,1.23083,1.23084,1870000.0048,1000000.0,2018-03-29T12:50:48.024000Z
482,1.23083,1.23085,2059999.9428,1950000.0477,2018-03-29T12:50:48.558000Z
483,1.23084,1.23086,1250000.0,1690000.0572,2018-03-29T12:50:49.089000Z
484,1.23083,1.23085,2059999.9428,1120000.0048,2018-03-29T12:50:49.903000Z
485,1.23084,1.23085,1250000.0,1000000.0,2018-03-29T12:50:51.136000Z
486,1.23083,1.2308700000000001,5059999.9428,8319999.6948,2018-03-29T12:50:51.393000Z
487,1.23083,1.23085,1250000.0,1870000.0048,2018-03-29T12:50:51.496000Z
488,1.23084,1.23086,1250000.0,1620000.0048,2018-03-29T12:50:52.016000Z
489,1.23084,1.23086,1690000.0572,1309999.9428,2018-03-29T12:50:52.662000Z
490,1.23083,1.23086,5619999.8856,2250000.0,2018-03-29T12:50:58.356000Z
491,1.23083,1.23085,6559999.9428,2250000.0,2018-03-29T12:50:58.864000Z
492,1.23083,1.23086,5809999.9428,1299999.9523,2018-03-29T12:50:59.401000Z
493,1.23083,1.2308700000000001,6559999.9428,2920000.0763,2018-03-29T12:50:59.972000Z
494,1.23084,1.2308700000000001,2440000.0572,4389999.8665,2018-03-29T12:51:00.476000Z
495,1.23084,1.23086,2440000.0572,1000000.0,2018-03-29T12:51:01.397000Z
496,1.23084,1.2308700000000001,3000000.0,1299999.9523,2018-03-29T12:51:01.942000Z
497,1.23084,1.2308700000000001,1000000.0,1799999.9523,2018-03-29T12:51:02.446000Z
498,1.23084,1.2308700000000001,3190000.0572,1990000.0095,2018-03-29T12:51:02.983000Z
499,1.23083,1.2308700000000001,6190000.0572,1240000.0095,2018-03-29T12:51:04.530000Z
500,1.23084,1.2308700000000001,2440000.0572,2740000.0095,2018-03-29T12:51:05.084000Z
501,1.23083,1.2308700000000001,5619999.8856,2549999.9523,2018-03-29T12:51:05.610000Z
502,1.23084,1.2308700000000001,2440000.0572,1240000.0095,2018-03-29T12:51:06.496000Z
503,1.23083,1.2308700000000001,5809999.9428,3710000.0381,2018-03-29T12:51:07.947000Z
504,1.23083,1.23086,5809999.9428,1000000.0,2018-03-29T12:51:08.834000Z
505,1.23083,1.2308700000000001,5059999.9428,3299999.9523,2018-03-29T12:51:09.418000Z
506,1.23084,1.2308700000000001,2440000.0572,4989999.7711,2018-03-29T12:51:11.257000Z
507,1.23083,1.2308700000000001,6190000.0572,3670000.0763,2018-03-29T12:51:11.776000Z
508,1.23084,1.2308700000000001,1250000.0,3859999.8951,2018-03-29T12:51:12.311000Z
509,1.23085,1.2308700000000001,1000000.0,1950000.0477,2018-03-29T12:51:13.405000Z
510,1.23084,1.2308700000000001,1500000.0,2700000.0477,2018-03-29T12:51:13.963000Z
511,1.23084,1.2308700000000001,3940000.0572,1120000.0048,2018-03-29T12:51:14.720000Z
512,1.23084,1.23085,2440000.0572,5059999.9428,2018-03-29T12:51:15.031000Z
513,1.2308100000000002,1.23082,1690000.0572,1299999.9523,2018-03-29T12:51:15.256000Z
514,1.2308000000000001,1.23082,1690000.0572,1440000.0572,2018-03-29T12:51:15.780000Z
515,1.2308000000000001,1.23082,1250000.0,1500000.0,2018-03-29T12:51:16.369000Z
516,1.2308100000000002,1.23083,1250000.0,15859999.6567,2018-03-29T12:51:19.080000Z
517,1.23082,1.23083,8250000.0,2920000.0763,2018-03-29T12:51:19.739000Z
518,1.23084,1.23085,2809999.9428,1000000.0,2018-03-29T12:51:20.060000Z
519,1.2308000000000001,1.23084,10010000.2289,3369999.8856,2018-03-29T12:51:20.266000Z
520,1.2308100000000002,1.23083,10119999.8856,1570000.0525,2018-03-29T12:51:20.769000Z
521,1.23082,1.23083,1250000.0,1100000.0238,2018-03-29T12:51:21.299000Z
522,1.23082,1.23084,1250000.0,3259999.9905,2018-03-29T12:51:21.982000Z
523,1.2308000000000001,1.23082,2440000.0572,1570000.0525,2018-03-29T12:51:23.051000Z
524,1.2308000000000001,1.23082,1250000.0,1759999.9905,2018-03-29T12:51:23.587000Z
525,1.2308000000000001,1.23082,1250000.0,1759999.9905,2018-03-29T12:51:24.090000Z
526,1.2308000000000001,1.23082,1250000.0,3640000.1049,2018-03-29T12:51:24.649000Z
527,1.2308000000000001,1.23082,1250000.0,2700000.0477,2018-03-29T12:51:25.293000Z
528,1.23079,1.23082,1309999.9428,1950000.0477,2018-03-29T12:51:25.944000Z
529,1.2308000000000001,1.23082,2619999.8856,1950000.0477,2018-03-29T12:51:30.487000Z
530,1.2308000000000001,1.23082,1250000.0,2700000.0477,2018-03-29T12:51:31.166000Z
531,1.2308100000000002,1.23083,1000000.0,3450000.0477,2018-03-29T12:51:32.292000Z
532,1.23082,1.23083,1250000.0,1100000.0238,2018-03-29T12:51:32.817000Z
533,1.23083,1.23085,1120000.0048,1200000.0477,2018-03-29T12:51:33.329000Z
534,1.23084,1.2308700000000001,4869999.8856,1950000.0477,2018-03-29T12:51:33.645000Z
535,1.23085,1.2308700000000001,1690000.0572,1570000.0525,2018-03-29T12:51:34.165000Z
536,1.23086,1.23088,1250000.0,1389999.9857,2018-03-29T12:51:35.012000Z
537,1.23086,1.2308700000000001,1250000.0,1100000.0238,2018-03-29T12:51:35.564000Z
538,1.23086,1.23088,1250000.0,1389999.9857,2018-03-29T12:51:36.080000Z
539,1.23086,1.2308700000000001,1250000.0,1100000.0238,2018-03-29T12:51:36.635000Z
540,1.23088,1.23089,1000000.0,1570000.0525,2018-03-29T12:51:37.826000Z
541,1.2308700000000001,1.2309100000000002,7159999.8474,1100000.0238,2018-03-29T12:51:37.985000Z
542,1.2308700000000001,1.2309,1500000.0,4309999.9428,2018-03-29T12:51:38.805000Z
543,1.2308700000000001,1.2309,2440000.0572,4119999.8856,2018-03-29T12:51:38.909000Z
544,1.2308700000000001,1.23089,1500000.0,1000000.0,2018-03-29T12:51:38.962000Z
545,1.23086,1.23089,1120000.0048,1100000.0238,2018-03-29T12:51:39.484000Z
546,1.2308700000000001,1.23089,1000000.0,1500000.0,2018-03-29T12:51:40.164000Z
547,1.2308700000000001,1.23089,1309999.9428,4010000.2289,2018-03-29T12:51:41.556000Z
548,1.23086,1.23089,1000000.0,4800000.1907,2018-03-29T12:51:43.667000Z
549,1.23088,1.23089,1500000.0,3450000.0477,2018-03-29T12:51:44.169000Z
550,1.2308700000000001,1.2309,1309999.9428,1389999.9857,2018-03-29T12:51:44.700000Z
551,1.2308700000000001,1.23088,1250000.0,2849999.9046,2018-03-29T12:51:46.513000Z
552,1.23086,1.23088,1250000.0,2740000.0095,2018-03-29T12:51:47.156000Z
553,1.23084,1.23086,1120000.0048,3000000.0,2018-03-29T12:51:47.210000Z
554,1.2308100000000002,1.23084,13390000.3433,2250000.0,2018-03-29T12:51:47.652000Z
555,1.23083,1.23084,1250000.0,2319999.9332,2018-03-29T12:51:48.194000Z
556,1.23082,1.23085,1250000.0,15109999.6567,2018-03-29T12:51:48.748000Z
557,1.2308100000000002,1.23083,1690000.0572,1000000.0,2018-03-29T12:51:49.059000Z
558,1.23082,1.23083,1250000.0,2289999.9619,2018-03-29T12:51:49.636000Z
559,1.2308100000000002,1.23082,1250000.0,5619999.8856,2018-03-29T12:51:49.962000Z
560,1.2308100000000002,1.23082,1250000.0,1200000.0477,2018-03-29T12:51:50.527000Z
561,1.2308100000000002,1.23083,1250000.0,6489999.7711,2018-03-29T12:51:51.131000Z
562,1.23079,1.23082,7119999.8856,1100000.0238,2018-03-29T12:51:51.234000Z
563,1.2308100000000002,1.23083,1000000.0,1200000.0477,2018-03-29T12:51:51.718000Z
564,1.23082,1.23084,2750000.0,6639999.8665,2018-03-29T12:51:52.232000Z
565,1.2308100000000002,1.23082,1250000.0,1000000.0,2018-03-29T12:51:52.770000Z
566,1.2308100000000002,1.23083,1250000.0,4050000.1907,2018-03-29T12:51:53.277000Z
567,1.2308100000000002,1.23082,1250000.0,1690000.0572,2018-03-29T12:51:54.321000Z
568,1.2308000000000001,1.23083,1309999.9428,5889999.8665,2018-03-29T12:51:54.426000Z
569,1.2308100000000002,1.23083,1250000.0,9670000.0763,2018-03-29T12:51:55.406000Z
570,1.2308100000000002,1.23082,1250000.0,2549999.9523,2018-03-29T12:51:55.943000Z
571,1.2308100000000002,1.23083,1250000.0,13420000.0763,2018-03-29T12:51:57.108000Z
572,1.2308100000000002,1.23083,1250000.0,4610000.1335,2018-03-29T12:51:57.774000Z
573,1.23082,1.23083,1120000.0048,1000000.0,2018-03-29T12:51:58.288000Z
574,1.23083,1.23085,1000000.0,3069999.9332,2018-03-29T12:51:58.493000Z
575,1.23085,1.23086,2250000.0,1870000.0048,2018-03-29T12:51:58.545000Z
576,1.23085,1.23088,1309999.9428,4199999.8093,2018-03-29T12:51:58.695000Z
577,1.23084,1.2308700000000001,9069999.6948,1000000.0,2018-03-29T12:51:59.677000Z
578,1.23085,1.2308700000000001,2809999.9428,1000000.0,2018-03-29T12:52:00.179000Z
579,1.23085,1.23088,1309999.9428,3089999.9142,2018-03-29T12:52:00.714000Z
580,1.23085,1.23088,2809999.9428,2059999.9428,2018-03-29T12:52:02.265000Z
581,1.23086,1.23088,1200000.0477,3750000.0,2018-03-29T12:52:03.350000Z
582,1.2308700000000001,1.23088,1250000.0,3940000.0572,2018-03-29T12:52:04.228000Z
583,1.2308700000000001,1.23088,1250000.0,4690000.0572,2018-03-29T12:52:04.737000Z
584,1.2308700000000001,1.23088,1250000.0,3190000.0572,2018-03-29T12:52:05.256000Z
585,1.23086,1.23088,1500000.0,3750000.0,2018-03-29T12:52:05.999000Z
586,1.23086,1.2308700000000001,1500000.0,1000000.0,2018-03-29T12:52:06.537000Z
587,1.23086,1.23088,1500000.0,3750000.0,2018-03-29T12:52:07.184000Z
588,1.23086,1.2308700000000001,1570000.0525,1500000.0,2018-03-29T12:52:07.711000Z
589,1.23086,1.23088,1570000.0525,6599999.9046,2018-03-29T12:52:08.220000Z
590,1.23086,1.2308700000000001,1570000.0525,1500000.0,2018-03-29T12:52:08.887000Z
591,1.23086,1.23088,1570000.0525,6599999.9046,2018-03-29T12:52:10.295000Z
592,1.23086,1.2308700000000001,1389999.9857,1500000.0,2018-03-29T12:52:11.157000Z
593,1.23086,1.23088,1309999.9428,8170000.0763,2018-03-29T12:52:11.811000Z
594,1.23086,1.2308700000000001,1309999.9428,1000000.0,2018-03-29T12:52:12.532000Z
595,1.23086,1.23088,1309999.9428,5920000.0763,2018-03-29T12:52:13.220000Z
596,1.23086,1.2308700000000001,1309999.9428,1000000.0,2018-03-29T12:52:14.041000Z
597,1.23086,1.23088,1309999.9428,4349999.9046,2018-03-29T12:52:14.588000Z
598,1.23086,1.2308700000000001,1309999.9428,1000000.0,2018-03-29T12:52:15.120000Z
599,1.23086,1.23088,1309999.9428,4349999.9046,2018-03-29T12:52:15.624000Z
600,1.23086,1.2308700000000001,1500000.0,1000000.0,2018-03-29T12:52:16.197000Z
601,1.23086,1.23088,1500000.0,4349999.9046,2018-03-29T12:52:16.764000Z
602,1.2308700000000001,1.23088,1000000.0,8100000.3815,2018-03-29T12:52:17.952000Z
603,1.23089,1.2309,1250000.0,2440000.0572,2018-03-29T12:52:18.267000Z
604,1.23088,1.23089,1120000.0048,1000000.0,2018-03-29T12:52:18.372000Z
605,1.23089,1.2309,1000000.0,1000000.0,2018-03-29T12:52:18.425000Z
606,1.23088,1.23089,2440000.0572,1000000.0,2018-03-29T12:52:19.051000Z
607,1.23089,1.2309,1000000.0,1000000.0,2018-03-29T12:52:19.595000Z
608,1.23088,1.2309,3559999.9428,1000000.0,2018-03-29T12:52:20.932000Z
609,1.23089,1.2309,1000000.0,1120000.0048,2018-03-29T12:52:21.479000Z
610,1.23088,1.2309,4309999.9428,1000000.0,2018-03-29T12:52:23.432000Z
611,1.23089,1.2309100000000002,1500000.0,1870000.0048,2018-03-29T12:52:23.484000Z
612,1.2309200000000002,1.23093,1120000.0048,7800000.1907,2018-03-29T12:52:23.536000Z
613,1.2309200000000002,1.23093,1250000.0,1120000.0048,2018-03-29T12:52:24.052000Z
614,1.2309200000000002,1.23094,1000000.0,5849999.9046,2018-03-29T12:52:24.573000Z
615,1.23093,1.23095,1500000.0,4119999.8856,2018-03-29T12:52:25.031000Z
616,1.23093,1.23096,1309999.9428,1720000.0286,2018-03-29T12:52:26.071000Z
617,1.23094,1.2309700000000001,1200000.0477,2740000.0095,2018-03-29T12:52:26.615000Z
618,1.23094,1.23095,1000000.0,1000000.0,2018-03-29T12:52:27.329000Z
619,1.23094,1.23096,1000000.0,3220000.0286,2018-03-29T12:52:28.268000Z
620,1.23095,1.2309700000000001,1000000.0,3000000.0,2018-03-29T12:52:36.067000Z
621,1.23095,1.23098,1009999.9905,2619999.8856,2018-03-29T12:52:36.596000Z
622,1.23095,1.23098,3559999.9428,1200000.0477,2018-03-29T12:52:39.347000Z
623,1.23095,1.23099,5059999.9428,6300000.1907,2018-03-29T12:52:40.058000Z
624,1.23095,1.23098,5809999.9428,1190000.0572,2018-03-29T12:52:40.109000Z
625,1.23088,1.23089,1690000.0572,1120000.0048,2018-03-29T12:52:40.440000Z
626,1.2308700000000001,1.23089,1250000.0,11850000.3815,2018-03-29T12:52:40.957000Z
627,1.23086,1.23088,2059999.9428,1299999.9523,2018-03-29T12:52:41.266000Z
628,1.2308700000000001,1.23089,1000000.0,2250000.0,2018-03-29T12:52:42.746000Z
629,1.23089,1.2309,1000000.0,1000000.0,2018-03-29T12:52:43.119000Z
630,1.23089,1.2309100000000002,1500000.0,1309999.9428,2018-03-29T12:52:44.466000Z
631,1.23089,1.2309,1000000.0,1100000.0238,2018-03-29T12:52:44.984000Z
632,1.23089,1.2309100000000002,1000000.0,2920000.0763,2018-03-29T12:52:45.887000Z
633,1.23089,1.2309,1500000.0,1000000.0,2018-03-29T12:52:50.747000Z
634,1.23089,1.2309100000000002,1000000.0,2170000.0763,2018-03-29T12:52:51.274000Z
635,1.2309,1.2309200000000002,3220000.0286,3069999.9332,2018-03-29T12:52:53.555000Z
636,1.2309,1.2309200000000002,1009999.9905,1000000.0,2018-03-29T12:52:54.065000Z
637,1.2309100000000002,1.23093,1100000.0238,1120000.0048,2018-03-29T12:52:54.805000Z
638,1.2309200000000002,1.23095,1000000.0,5699999.8093,2018-03-29T12:52:54.907000Z
639,1.23093,1.23095,1500000.0,3450000.0477,2018-03-29T12:52:55.431000Z
640,1.23094,1.23095,1000000.0,1000000.0,2018-03-29T12:52:55.948000Z
641,1.23094,1.23096,1870000.0048,1250000.0,2018-03-29T12:52:56.474000Z
642,1.23095,1.23098,1570000.0525,4869999.8856,2018-03-29T12:52:56.983000Z
643,1.23095,1.2309700000000001,2809999.9428,7349999.9046,2018-03-29T12:52:57.519000Z
644,1.23095,1.2309700000000001,2619999.8856,4909999.8474,2018-03-29T12:52:58.204000Z
645,1.23095,1.2309700000000001,2809999.9428,7349999.9046,2018-03-29T12:52:58.750000Z
646,1.23095,1.2309700000000001,1500000.0,3970000.0286,2018-03-29T12:52:59.866000Z
647,1.23095,1.2309700000000001,2440000.0572,6219999.7902,2018-03-29T12:53:00.395000Z
648,1.23095,1.2309700000000001,1000000.0,3789999.9619,2018-03-29T12:53:01.140000Z
649,1.23095,1.23096,1000000.0,1000000.0,2018-03-29T12:53:02.013000Z
650,1.23095,1.2309700000000001,1000000.0,4349999.9046,2018-03-29T12:53:04.804000Z
651,1.23096,1.23098,1500000.0,3750000.0,2018-03-29T12:53:05.785000Z
652,1.23095,1.2309700000000001,1309999.9428,2250000.0,2018-03-29T12:53:05.838000Z
653,1.23095,1.2309700000000001,1309999.9428,3039999.9619,2018-03-29T12:53:08.287000Z
654,1.23094,1.2309700000000001,5889999.8665,2099999.9046,2018-03-29T12:53:08.812000Z
655,1.23096,1.2309700000000001,1000000.0,1120000.0048,2018-03-29T12:53:09.361000Z
656,1.23095,1.23096,1000000.0,1000000.0,2018-03-29T12:53:10.573000Z
657,1.23095,1.23096,1000000.0,1350000.0238,2018-03-29T12:53:11.972000Z
658,1.23095,1.2309700000000001,1000000.0,3039999.9619,2018-03-29T12:53:15.504000Z
659,1.23095,1.2309700000000001,1690000.0572,3039999.9619,2018-03-29T12:53:16.261000Z
660,1.23093,1.23095,4760000.2289,3250000.0,2018-03-29T12:53:16.642000Z
661,1.23094,1.23096,1000000.0,2619999.8856,2018-03-29T12:53:16.799000Z
662,1.23093,1.23095,1200000.0477,1500000.0,2018-03-29T12:53:18.793000Z
663,1.23093,1.23096,1200000.0477,6000000.0,2018-03-29T12:53:19.592000Z
664,1.23093,1.23095,3450000.0477,1000000.0,2018-03-29T12:53:20.347000Z
665,1.23093,1.23096,1200000.0477,2250000.0,2018-03-29T12:53:22.319000Z
666,1.2309200000000002,1.23096,6449999.8093,1500000.0,2018-03-29T12:53:22.855000Z
667,1.23093,1.23096,1000000.0,2250000.0,2018-03-29T12:53:23.855000Z
668,1.23093,1.23095,2250000.0,1000000.0,2018-03-29T12:53:24.387000Z
669,1.23093,1.23095,3640000.1049,8810000.4196,2018-03-29T12:53:24.934000Z
670,1.2309100000000002,1.23093,1250000.0,1870000.0048,2018-03-29T12:53:25.141000Z
671,1.2309100000000002,1.2309200000000002,1000000.0,1500000.0,2018-03-29T12:53:26.426000Z
672,1.2309,1.2309200000000002,1690000.0572,2099999.9046,2018-03-29T12:53:26.931000Z
673,1.2309,1.2309100000000002,1690000.0572,1389999.9857,2018-03-29T12:53:27.440000Z
674,1.2309100000000002,1.2309200000000002,2440000.0572,1000000.0,2018-03-29T12:53:29.246000Z
675,1.23089,1.23093,4570000.1717,1250000.0,2018-03-29T12:53:29.784000Z
676,1.23089,1.2309200000000002,2700000.0477,2099999.9046,2018-03-29T12:53:31.033000Z
677,1.23089,1.2309100000000002,2250000.0,1000000.0,2018-03-29T12:53:31.547000Z
678,1.23089,1.2309200000000002,2250000.0,2099999.9046,2018-03-29T12:53:32.104000Z
679,1.23089,1.2309100000000002,2250000.0,1500000.0,2018-03-29T12:53:32.623000Z
680,1.23089,1.2309200000000002,2250000.0,3599999.9046,2018-03-29T12:53:34.020000Z
681,1.23089,1.2309100000000002,2250000.0,1000000.0,2018-03-29T12:53:34.687000Z
682,1.2309,1.2309200000000002,1250000.0,5469999.7902,2018-03-29T12:53:35.080000Z
683,1.23089,1.2309100000000002,3000000.0,3000000.0,2018-03-29T12:53:35.595000Z
684,1.23089,1.2309200000000002,2250000.0,2099999.9046,2018-03-29T12:53:36.382000Z
685,1.23089,1.2309100000000002,2700000.0477,1000000.0,2018-03-29T12:53:36.922000Z
686,1.23089,1.2309100000000002,1250000.0,7539999.9619,2018-03-29T12:53:38.260000Z
687,1.23088,1.23089,1000000.0,2619999.8856,2018-03-29T12:53:38.312000Z
688,1.23089,1.2309100000000002,1000000.0,7500000.0,2018-03-29T12:53:38.756000Z
689,1.23088,1.2309,1000000.0,7869999.8856,2018-03-29T12:53:39.261000Z
690,1.2308700000000001,1.23088,4389999.8665,2250000.0,2018-03-29T12:53:40.082000Z
691,1.23086,1.2308700000000001,1000000.0,2250000.0,2018-03-29T12:53:40.549000Z
692,1.23083,1.23085,1200000.0477,7869999.8856,2018-03-29T12:53:40.670000Z
693,1.2308000000000001,1.2308100000000002,1250000.0,8619999.8856,2018-03-29T12:53:40.721000Z
694,1.2308000000000001,1.2308100000000002,1000000.0,3750000.0,2018-03-29T12:53:41.230000Z
695,1.2308000000000001,1.23082,1000000.0,9300000.1907,2018-03-29T12:53:41.714000Z
696,1.23079,1.2308100000000002,2140000.1049,2250000.0,2018-03-29T12:53:41.766000Z
697,1.23079,1.2308100000000002,2619999.8856,1500000.0,2018-03-29T12:53:42.276000Z
698,1.23079,1.2308100000000002,1870000.0048,1000000.0,2018-03-29T12:53:43.005000Z
699,1.23079,1.2308100000000002,3259999.9905,1000000.0,2018-03-29T12:53:43.542000Z
700,1.23079,1.2308100000000002,2890000.1049,1000000.0,2018-03-29T12:53:44.115000Z
701,1.2308000000000001,1.23082,1100000.0238,2619999.8856,2018-03-29T12:53:45.133000Z
702,1.2308000000000001,1.23083,3640000.1049,1500000.0,2018-03-29T12:53:45.238000Z
703,1.2308100000000002,1.23084,3259999.9905,2319999.9332,2018-03-29T12:53:47.214000Z
704,1.2308100000000002,1.23084,2509999.9905,1500000.0,2018-03-29T12:53:48.046000Z
705,1.2308100000000002,1.23082,1950000.0477,1000000.0,2018-03-29T12:53:48.098000Z
706,1.23079,1.23082,3259999.9905,4119999.8856,2018-03-29T12:53:49.474000Z
707,1.2308000000000001,1.23082,1389999.9857,3369999.8856,2018-03-29T12:53:49.627000Z
708,1.2308000000000001,1.23082,1389999.9857,1500000.0,2018-03-29T12:53:53.480000Z
709,1.2308100000000002,1.23083,1250000.0,1120000.0048,2018-03-29T12:53:54.013000Z
710,1.2308000000000001,1.23082,4389999.8665,8250000.0,2018-03-29T12:53:57.842000Z
711,1.2308000000000001,1.23082,1000000.0,9750000.0,2018-03-29T12:53:58.355000Z
712,1.2307700000000001,1.23079,3259999.9905,9750000.0,2018-03-29T12:53:58.839000Z
713,1.23076,1.23078,2140000.1049,3750000.0,2018-03-29T12:53:58.947000Z
714,1.23075,1.2307700000000001,1690000.0572,2250000.0,2018-03-29T12:53:59.468000Z
715,1.23074,1.23076,4690000.0572,5500000.0,2018-03-29T12:53:59.804000Z
716,1.2307299999999999,1.23075,1120000.0048,1500000.0,2018-03-29T12:53:59.908000Z
717,1.23074,1.2307700000000001,1000000.0,3220000.0286,2018-03-29T12:54:00.447000Z
718,1.23074,1.23076,1000000.0,1870000.0048,2018-03-29T12:54:01.018000Z
719,1.2307299999999999,1.23074,1570000.0525,1000000.0,2018-03-29T12:54:02.178000Z
720,1.2307100000000002,1.2307299999999999,2319999.9332,1500000.0,2018-03-29T12:54:02.332000Z
721,1.2307100000000002,1.23074,7010000.2289,5250000.0,2018-03-29T12:54:02.435000Z
722,1.2307100000000002,1.23074,4199999.8093,3750000.0,2018-03-29T12:54:02.974000Z
723,1.2307100000000002,1.23074,1309999.9428,1500000.0,2018-03-29T12:54:04.410000Z
724,1.23072,1.23075,7010000.2289,1350000.0238,2018-03-29T12:54:04.515000Z
725,1.23074,1.23075,1120000.0048,1500000.0,2018-03-29T12:54:05.020000Z
726,1.23074,1.2307700000000001,2440000.0572,3000000.0,2018-03-29T12:54:05.526000Z
727,1.23074,1.2307700000000001,2250000.0,3000000.0,2018-03-29T12:54:06.038000Z
728,1.23075,1.2307700000000001,1000000.0,1500000.0,2018-03-29T12:54:08.108000Z
729,1.23074,1.23078,4570000.1717,15000000.0,2018-03-29T12:54:08.643000Z
730,1.2307299999999999,1.23074,1570000.0525,1000000.0,2018-03-29T12:54:09.007000Z
731,1.2307299999999999,1.23076,2700000.0477,1500000.0,2018-03-29T12:54:09.215000Z
732,1.23074,1.2307700000000001,1950000.0477,3369999.8856,2018-03-29T12:54:09.320000Z
733,1.23074,1.2307700000000001,1000000.0,4690000.0572,2018-03-29T12:54:09.839000Z
734,1.2307299999999999,1.23074,1950000.0477,1000000.0,2018-03-29T12:54:10.560000Z
735,1.2307299999999999,1.23075,1000000.0,3369999.8856,2018-03-29T12:54:11.121000Z
736,1.23074,1.23078,1759999.9905,6369999.8856,2018-03-29T12:54:11.667000Z
737,1.23074,1.23075,1000000.0,1000000.0,2018-03-29T12:54:12.539000Z
738,1.23075,1.2307700000000001,1000000.0,10720000.267,2018-03-29T12:54:12.718000Z
739,1.2307299999999999,1.23076,3069999.9332,4690000.0572,2018-03-29T12:54:18.668000Z
740,1.23074,1.23076,1200000.0477,1000000.0,2018-03-29T12:54:19.181000Z
741,1.23074,1.2307700000000001,1950000.0477,7239999.7711,2018-03-29T12:54:20.199000Z
742,1.23074,1.23076,1950000.0477,1000000.0,2018-03-29T12:54:20.728000Z
743,1.23074,1.23075,1000000.0,1000000.0,2018-03-29T12:54:21.521000Z
744,1.2307100000000002,1.23075,6260000.2289,4119999.8856,2018-03-29T12:54:22.040000Z
745,1.2307100000000002,1.2307299999999999,6260000.2289,1000000.0,2018-03-29T12:54:22.633000Z
746,1.2307100000000002,1.2307299999999999,2319999.9332,1000000.0,2018-03-29T12:54:23.149000Z
747,1.23072,1.2307299999999999,1389999.9857,1000000.0,2018-03-29T12:54:23.846000Z
748,1.2307100000000002,1.2307299999999999,2319999.9332,1000000.0,2018-03-29T12:54:24.362000Z
749,1.2307100000000002,1.23075,3069999.9332,9640000.3433,2018-03-29T12:54:24.898000Z
750,1.2307100000000002,1.23074,3450000.0477,1500000.0,2018-03-29T12:54:25.448000Z
751,1.2307100000000002,1.23074,3819999.9332,1870000.0048,2018-03-29T12:54:26.120000Z
752,1.2307100000000002,1.23074,3450000.0477,1000000.0,2018-03-29T12:54:27.355000Z
753,1.2307100000000002,1.2307299999999999,2319999.9332,1500000.0,2018-03-29T12:54:28.343000Z
754,1.2307000000000001,1.2307100000000002,1000000.0,1000000.0,2018-03-29T12:54:28.654000Z
755,1.2307000000000001,1.23074,6639999.8665,4199999.8093,2018-03-29T12:54:28.761000Z
756,1.2307000000000001,1.23074,8890000.3433,6000000.0,2018-03-29T12:54:29.376000Z
757,1.2307000000000001,1.2307299999999999,10569999.6948,1000000.0,2018-03-29T12:54:29.920000Z
758,1.2307000000000001,1.23074,6260000.2289,7119999.8856,2018-03-29T12:54:30.425000Z
759,1.2307299999999999,1.23076,1000000.0,3450000.0477,2018-03-29T12:54:30.695000Z
760,1.2307299999999999,1.2307700000000001,2319999.9332,7539999.9619,2018-03-29T12:54:31.252000Z
761,1.23074,1.2307700000000001,1000000.0,7500000.0,2018-03-29T12:54:32.742000Z
762,1.2307299999999999,1.2307700000000001,11140000.3433,1720000.0286,2018-03-29T12:54:33.305000Z
763,1.23075,1.2307700000000001,1000000.0,3970000.0286,2018-03-29T12:54:33.987000Z
764,1.2307299999999999,1.2307700000000001,4010000.2289,1309999.9428,2018-03-29T12:54:34.385000Z
765,1.2307299999999999,1.23074,2509999.9905,1000000.0,2018-03-29T12:54:34.743000Z
766,1.2307100000000002,1.23074,5889999.8665,3000000.0,2018-03-29T12:54:34.846000Z
767,1.2307000000000001,1.2307299999999999,10390000.3433,1000000.0,2018-03-29T12:54:35.348000Z
768,1.2307000000000001,1.2307299999999999,10010000.2289,1120000.0048,2018-03-29T12:54:35.955000Z
769,1.2307100000000002,1.23074,1500000.0,6750000.0,2018-03-29T12:54:37.905000Z
770,1.23069,1.2307299999999999,8140000.3433,8470000.267,2018-03-29T12:54:39.281000Z
771,1.2307000000000001,1.2307299999999999,1950000.0477,1870000.0048,2018-03-29T12:54:39.797000Z
772,1.2307299999999999,1.23074,1000000.0,1000000.0,2018-03-29T12:54:40.055000Z
773,1.2307299999999999,1.23076,5139999.8665,3000000.0,2018-03-29T12:54:40.179000Z
774,1.23074,1.23076,3369999.8856,1000000.0,2018-03-29T12:54:42.441000Z
775,1.23074,1.2307700000000001,4119999.8856,2619999.8856,2018-03-29T12:54:43.112000Z
776,1.23075,1.23076,1500000.0,1000000.0,2018-03-29T12:54:49.063000Z
777,1.23075,1.2307700000000001,1500000.0,1870000.0048,2018-03-29T12:54:49.567000Z
778,1.23075,1.23079,1690000.0572,6449999.8093,2018-03-29T12:54:52.135000Z
779,1.2308100000000002,1.23082,1500000.0,2250000.0,2018-03-29T12:54:52.628000Z
780,1.23082,1.23084,6750000.0,1389999.9857,2018-03-29T12:54:52.680000Z
781,1.23083,1.23085,1950000.0477,1000000.0,2018-03-29T12:54:52.731000Z
782,1.23083,1.2308700000000001,2700000.0477,3789999.9619,2018-03-29T12:54:52.884000Z
783,1.23083,1.2308700000000001,3819999.9332,9789999.9619,2018-03-29T12:54:53.476000Z
784,1.23084,1.2308700000000001,1120000.0048,5469999.7902,2018-03-29T12:54:54.524000Z
785,1.23085,1.2308700000000001,1000000.0,1720000.0286,2018-03-29T12:54:55.074000Z
786,1.23086,1.23088,1100000.0238,2619999.8856,2018-03-29T12:54:56.972000Z
787,1.23084,1.23088,9260000.2289,5059999.9428,2018-03-29T12:54:57.507000Z
788,1.23083,1.23085,4010000.2289,1000000.0,2018-03-29T12:54:57.611000Z
789,1.23083,1.23085,1000000.0,1120000.0048,2018-03-29T12:54:58.126000Z
790,1.23083,1.23086,2890000.1049,2890000.1049,2018-03-29T12:54:59.092000Z
791,1.23083,1.23085,2140000.1049,1120000.0048,2018-03-29T12:54:59.593000Z
792,1.23083,1.23085,3819999.9332,1000000.0,2018-03-29T12:55:00.161000Z
793,1.23083,1.2308700000000001,7389999.8665,6039999.9619,2018-03-29T12:55:02.373000Z
794,1.23083,1.23085,1570000.0525,1500000.0,2018-03-29T12:55:02.631000Z
795,1.23079,1.23082,8510000.2289,1000000.0,2018-03-29T12:55:02.980000Z
796,1.23079,1.23083,6260000.2289,2619999.8856,2018-03-29T12:55:03.486000Z
797,1.23079,1.23083,1200000.0477,8850000.3815,2018-03-29T12:55:03.763000Z
798,1.2307700000000001,1.2308100000000002,5320000.1717,6940000.0572,2018-03-29T12:55:03.872000Z
799,1.23078,1.2308000000000001,2700000.0477,1000000.0,2018-03-29T12:55:04.410000Z
800,1.23078,1.2308100000000002,2319999.9332,2250000.0,2018-03-29T12:55:04.809000Z
801,1.23079,1.2308100000000002,1200000.0477,1000000.0,2018-03-29T12:55:05.325000Z
802,1.2308000000000001,1.23082,1000000.0,1870000.0048,2018-03-29T12:55:08.046000Z
803,1.2308000000000001,1.23083,7010000.2289,3970000.0286,2018-03-29T12:55:08.388000Z
804,1.2308000000000001,1.23083,3069999.9332,4340000.1526,2018-03-29T12:55:09.570000Z
805,1.2308000000000001,1.23083,3069999.9332,4690000.0572,2018-03-29T12:55:10.117000Z
806,1.2308000000000001,1.23083,3069999.9332,4690000.0572,2018-03-29T12:55:10.738000Z
807,1.2308100000000002,1.23084,1100000.0238,1500000.0,2018-03-29T12:55:11.439000Z
808,1.2308100000000002,1.23083,1570000.0525,1000000.0,2018-03-29T12:55:12.285000Z
809,1.2308000000000001,1.23083,2319999.9332,4690000.0572,2018-03-29T12:55:12.811000Z
810,1.2308000000000001,1.23083,12340000.1526,1500000.0,2018-03-29T12:55:16.517000Z
811,1.2308100000000002,1.23084,1500000.0,1350000.0238,2018-03-29T12:55:16.723000Z
812,1.23082,1.23083,1100000.0238,2250000.0,2018-03-29T12:55:17.358000Z
813,1.2308000000000001,1.23082,1200000.0477,2849999.9046,2018-03-29T12:55:17.526000Z
814,1.23079,1.23082,1570000.0525,4719999.7902,2018-03-29T12:55:18.047000Z
815,1.23078,1.2308100000000002,7199999.8093,1250000.0,2018-03-29T12:55:18.656000Z
816,1.23079,1.23082,1200000.0477,2619999.8856,2018-03-29T12:55:19.236000Z
817,1.23078,1.2308000000000001,3069999.9332,1120000.0048,2018-03-29T12:55:29.571000Z
818,1.23076,1.23079,1200000.0477,4199999.8093,2018-03-29T12:55:29.792000Z
819,1.23076,1.23078,1200000.0477,2849999.9046,2018-03-29T12:55:30.101000Z
820,1.23074,1.2307700000000001,3450000.0477,3750000.0,2018-03-29T12:55:30.256000Z
821,1.23072,1.23075,3259999.9905,6000000.0,2018-03-29T12:55:30.411000Z
822,1.2307100000000002,1.23075,3450000.0477,6000000.0,2018-03-29T12:55:30.585000Z
823,1.2307100000000002,1.2307299999999999,4199999.8093,1000000.0,2018-03-29T12:55:30.636000Z
824,1.2307100000000002,1.23074,4199999.8093,3000000.0,2018-03-29T12:55:30.846000Z
825,1.2307000000000001,1.23072,2700000.0477,1000000.0,2018-03-29T12:55:31.200000Z
826,1.2307000000000001,1.2307299999999999,1200000.0477,4119999.8856,2018-03-29T12:55:31.740000Z
827,1.2307000000000001,1.2307299999999999,1950000.0477,2700000.0477,2018-03-29T12:55:32.807000Z
828,1.2306700000000002,1.23069,1759999.9905,1000000.0,2018-03-29T12:55:33.113000Z
829,1.23066,1.23068,6639999.8665,2500000.0,2018-03-29T12:55:33.522000Z
830,1.23068,1.2307000000000001,1309999.9428,2619999.8856,2018-03-29T12:55:34.818000Z
831,1.23068,1.23072,4010000.2289,4199999.8093,2018-03-29T12:55:35.047000Z
832,1.23068,1.2307100000000002,4199999.8093,1000000.0,2018-03-29T12:55:36Z
833,1.23069,1.23072,1389999.9857,1120000.0048,2018-03-29T12:55:36.681000Z
834,1.23072,1.23075,2250000.0,10949999.8093,2018-03-29T12:55:36.987000Z
835,1.23072,1.23075,3819999.9332,1250000.0,2018-03-29T12:55:37.039000Z
836,1.2307100000000002,1.23074,6070000.1717,1690000.0572,2018-03-29T12:55:37.562000Z
837,1.2307299999999999,1.23076,1000000.0,2619999.8856,2018-03-29T12:55:37.877000Z
838,1.23074,1.2307700000000001,2890000.1049,3369999.8856,2018-03-29T12:55:37.931000Z
839,1.23074,1.2307700000000001,1500000.0,3190000.0572,2018-03-29T12:55:38.568000Z
840,1.23074,1.23076,1000000.0,1500000.0,2018-03-29T12:55:39.582000Z
841,1.23072,1.23075,1570000.0525,6750000.0,2018-03-29T12:55:40.100000Z
842,1.2307100000000002,1.23075,4760000.2289,2809999.9428,2018-03-29T12:55:40.358000Z
843,1.23072,1.23074,1570000.0525,1000000.0,2018-03-29T12:55:40.462000Z
844,1.23079,1.23082,1120000.0048,2849999.9046,2018-03-29T12:55:40.712000Z
845,1.23079,1.2308000000000001,1000000.0,1000000.0,2018-03-29T12:55:41.252000Z
846,1.23079,1.2308100000000002,1000000.0,1690000.0572,2018-03-29T12:55:41.891000Z
847,1.2307700000000001,1.23079,4010000.2289,1000000.0,2018-03-29T12:55:42.361000Z
848,1.23079,1.2308100000000002,2250000.0,1870000.0048,2018-03-29T12:55:42.572000Z
849,1.23079,1.23083,1870000.0048,3859999.8951,2018-03-29T12:55:42.625000Z
850,1.2308000000000001,1.23083,1250000.0,3000000.0,2018-03-29T12:55:43.190000Z
851,1.2308100000000002,1.23083,1470000.0286,1120000.0048,2018-03-29T12:55:43.348000Z
852,1.23082,1.23084,1200000.0477,1870000.0048,2018-03-29T12:55:43.734000Z
853,1.2308100000000002,1.23083,1200000.0477,2250000.0,2018-03-29T12:55:44.282000Z
854,1.2308100000000002,1.23082,1200000.0477,1000000.0,2018-03-29T12:55:44.839000Z
855,1.2308100000000002,1.23084,1200000.0477,1759999.9905,2018-03-29T12:55:45.650000Z
856,1.2308100000000002,1.23083,4389999.8665,1250000.0,2018-03-29T12:55:46.158000Z
857,1.2308000000000001,1.23082,3259999.9905,1000000.0,2018-03-29T12:55:46.686000Z
858,1.2308000000000001,1.23083,2509999.9905,3750000.0,2018-03-29T12:55:47.903000Z
859,1.2308000000000001,1.23082,1389999.9857,1309999.9428,2018-03-29T12:55:48.418000Z
860,1.2308000000000001,1.23082,8699999.8093,2059999.9428,2018-03-29T12:55:48.953000Z
861,1.2308000000000001,1.23082,9069999.6948,2809999.9428,2018-03-29T12:55:52.368000Z
862,1.2308000000000001,1.23082,6449999.8093,2660000.0858,2018-03-29T12:55:53.764000Z
863,1.2308100000000002,1.23082,2250000.0,1120000.0048,2018-03-29T12:55:58.489000Z
864,1.2308100000000002,1.23085,1100000.0238,7909999.8474,2018-03-29T12:55:58.686000Z
865,1.23084,1.23086,6750000.0,1000000.0,2018-03-29T12:55:58.741000Z
866,1.2309100000000002,1.23093,1870000.0048,1000000.0,2018-03-29T12:55:59.056000Z
867,1.23093,1.23095,2059999.9428,2440000.0572,2018-03-29T12:55:59.161000Z
868,1.2309100000000002,1.23093,6639999.8665,1000000.0,2018-03-29T12:55:59.386000Z
869,1.2309200000000002,1.23094,2809999.9428,1120000.0048,2018-03-29T12:55:59.440000Z
870,1.23093,1.23096,2250000.0,9560000.4196,2018-03-29T12:56:00.061000Z
871,1.2309100000000002,1.23093,6820000.1717,1000000.0,2018-03-29T12:56:00.609000Z
872,1.2309100000000002,1.23095,5320000.1717,2809999.9428,2018-03-29T12:56:00.714000Z
873,1.23094,1.23096,3750000.0,2440000.0572,2018-03-29T12:56:01.025000Z
874,1.23095,1.23096,3750000.0,1000000.0,2018-03-29T12:56:01.604000Z
875,1.23094,1.2309700000000001,1950000.0477,3559999.9428,2018-03-29T12:56:02.906000Z
876,1.23093,1.23095,1570000.0525,1129999.9952,2018-03-29T12:56:03.407000Z
877,1.23093,1.23096,3819999.9332,2059999.9428,2018-03-29T12:56:03.919000Z
878,1.23093,1.2309700000000001,2890000.1049,2440000.0572,2018-03-29T12:56:04.661000Z
879,1.23094,1.23098,3819999.9332,7119999.8856,2018-03-29T12:56:04.716000Z
880,1.23096,1.23098,1250000.0,5659999.8474,2018-03-29T12:56:07.386000Z
881,1.2309700000000001,1.231,2440000.0572,3970000.0286,2018-03-29T12:56:07.594000Z
882,1.231,1.23103,4760000.2289,1870000.0048,2018-03-29T12:56:07.861000Z
883,1.2310100000000002,1.23103,2059999.9428,1250000.0,2018-03-29T12:56:11.274000Z
884,1.2310200000000002,1.23105,1570000.0525,4050000.1907,2018-03-29T12:56:11.376000Z
885,1.2310200000000002,1.23104,1570000.0525,1500000.0,2018-03-29T12:56:11.907000Z
886,1.2310200000000002,1.23105,1100000.0238,6300000.1907,2018-03-29T12:56:12.631000Z
887,1.2310200000000002,1.23104,1309999.9428,2440000.0572,2018-03-29T12:56:13.169000Z
888,1.2310100000000002,1.23103,2059999.9428,1000000.0,2018-03-29T12:56:14.002000Z
889,1.23103,1.23105,2619999.8856,1100000.0238,2018-03-29T12:56:16.174000Z
890,1.23105,1.23107,1000000.0,1870000.0048,2018-03-29T12:56:16.277000Z
891,1.23103,1.23105,1309999.9428,2059999.9428,2018-03-29T12:56:16.583000Z
892,1.23104,1.23106,1309999.9428,3259999.9905,2018-03-29T12:56:16.685000Z
893,1.23105,1.23106,1309999.9428,1159999.9666,2018-03-29T12:56:19.118000Z
894,1.23104,1.23106,2250000.0,1669999.9571,2018-03-29T12:56:20.646000Z
895,1.2310100000000002,1.23105,1250000.0,9859999.6567,2018-03-29T12:56:21.125000Z
896,1.231,1.23105,6750000.0,8359999.6567,2018-03-29T12:56:21.642000Z
897,1.2310100000000002,1.23104,1250000.0,1309999.9428,2018-03-29T12:56:22.148000Z
898,1.2310100000000002,1.23103,1000000.0,1309999.9428,2018-03-29T12:56:22.874000Z
899,1.231,1.23103,1500000.0,1009999.9905,2018-03-29T12:56:23.624000Z
900,1.231,1.2310200000000002,2059999.9428,1250000.0,2018-03-29T12:56:24.164000Z
901,1.23099,1.23103,9189999.5804,4719999.7902,2018-03-29T12:56:24.697000Z
902,1.2310100000000002,1.23104,3190000.0572,2099999.9046,2018-03-29T12:56:29.256000Z
903,1.23104,1.23105,2059999.9428,1759999.9905,2018-03-29T12:56:29.462000Z
904,1.2310200000000002,1.23103,1000000.0,1000000.0,2018-03-29T12:56:29.864000Z
905,1.231,1.23104,5809999.9428,3109999.8951,2018-03-29T12:56:29.969000Z
906,1.231,1.2310200000000002,6559999.9428,1000000.0,2018-03-29T12:56:30.022000Z
907,1.2310200000000002,1.23103,1000000.0,1500000.0,2018-03-29T12:56:35.630000Z
908,1.2310200000000002,1.23105,1690000.0572,10050000.1907,2018-03-29T12:56:35.787000Z
909,1.23103,1.23104,1690000.0572,1000000.0,2018-03-29T12:56:36.799000Z
910,1.2310100000000002,1.23105,5440000.0572,2809999.9428,2018-03-29T12:56:36.953000Z
911,1.2310100000000002,1.23103,2619999.8856,3190000.0572,2018-03-29T12:56:37.005000Z
912,1.231,1.23103,1500000.0,4239999.7711,2018-03-29T12:56:37.531000Z
913,1.231,1.2310200000000002,2059999.9428,1190000.0572,2018-03-29T12:56:41.263000Z
914,1.23099,1.2310200000000002,1000000.0,6389999.8665,2018-03-29T12:56:42.704000Z
915,1.2310100000000002,1.23104,1000000.0,9859999.6567,2018-03-29T12:56:42.810000Z
916,1.2310200000000002,1.23104,1500000.0,1570000.0525,2018-03-29T12:56:43.325000Z
917,1.2310200000000002,1.23104,1500000.0,1120000.0048,2018-03-29T12:56:44.845000Z
918,1.2310200000000002,1.23104,1500000.0,5059999.9428,2018-03-29T12:56:50.457000Z
919,1.2310100000000002,1.23104,3000000.0,2059999.9428,2018-03-29T12:56:51.105000Z
920,1.231,1.23104,4500000.0,8439999.5804,2018-03-29T12:56:52.481000Z
921,1.23099,1.2310200000000002,4500000.0,1350000.0238,2018-03-29T12:56:56.671000Z
922,1.23098,1.2310200000000002,15260000.2289,3039999.9619,2018-03-29T12:56:56.983000Z
923,1.231,1.23103,1500000.0,4349999.9046,2018-03-29T12:56:58.321000Z
924,1.2310200000000002,1.23103,1000000.0,1909999.9666,2018-03-29T12:56:58.459000Z
925,1.2310200000000002,1.23104,1000000.0,3789999.9619,2018-03-29T12:57:00.786000Z
926,1.2310100000000002,1.23105,1870000.0048,11470000.267,2018-03-29T12:57:02.226000Z
927,1.2310200000000002,1.23104,1250000.0,2619999.8856,2018-03-29T12:57:03.655000Z
928,1.23106,1.23108,1000000.0,1299999.9523,2018-03-29T12:57:03.967000Z
929,1.23106,1.23109,2440000.0572,4309999.9428,2018-03-29T12:57:05.283000Z
930,1.23107,1.23109,1250000.0,1690000.0572,2018-03-29T12:57:06.177000Z
931,1.23109,1.2311,1000000.0,1250000.0,2018-03-29T12:57:09.087000Z
932,1.23108,1.2311,1500000.0,2250000.0,2018-03-29T12:57:09.604000Z
933,1.2311,1.2311200000000002,7869999.8856,1000000.0,2018-03-29T12:57:09.930000Z
934,1.2311,1.2311400000000001,9819999.6948,1539999.9619,2018-03-29T12:57:10.591000Z
935,1.2311,1.2311400000000001,8890000.3433,3000000.0,2018-03-29T12:57:11.415000Z
936,1.2311,1.2311400000000001,10010000.2289,4539999.9619,2018-03-29T12:57:11.980000Z
937,1.2311,1.23113,13760000.2289,1500000.0,2018-03-29T12:57:12.769000Z
938,1.2311,1.23113,10760000.2289,1000000.0,2018-03-29T12:57:13.284000Z
939,1.2311,1.23113,10010000.2289,1250000.0,2018-03-29T12:57:13.787000Z
940,1.2311,1.2311100000000001,1200000.0477,1250000.0,2018-03-29T12:57:14.211000Z
941,1.23109,1.23113,5889999.8665,4309999.9428,2018-03-29T12:57:14.731000Z
942,1.2311,1.2311200000000002,1250000.0,1309999.9428,2018-03-29T12:57:15.250000Z
943,1.23109,1.2311200000000002,6260000.2289,2809999.9428,2018-03-29T12:57:15.827000Z
944,1.23107,1.2311,2809999.9428,1500000.0,2018-03-29T12:57:16.137000Z
945,1.23106,1.23108,1000000.0,2059999.9428,2018-03-29T12:57:16.700000Z
946,1.23106,1.23109,4690000.0572,1690000.0572,2018-03-29T12:57:17.728000Z
947,1.23109,1.2311200000000002,8060000.4196,1250000.0,2018-03-29T12:57:18.037000Z
948,1.23109,1.2311,3259999.9905,1120000.0048,2018-03-29T12:57:18.343000Z
949,1.23109,1.2311100000000001,5070000.1717,1690000.0572,2018-03-29T12:57:18.936000Z
950,1.23109,1.2311,1250000.0,1120000.0048,2018-03-29T12:57:19.485000Z
951,1.23109,1.2311100000000001,1250000.0,1690000.0572,2018-03-29T12:57:20.112000Z
952,1.23109,1.2311,1200000.0477,1309999.9428,2018-03-29T12:57:20.944000Z
953,1.23108,1.2311,1120000.0048,5059999.9428,2018-03-29T12:57:22.884000Z
954,1.2311,1.2311100000000001,3750000.0,1000000.0,2018-03-29T12:57:23.249000Z
955,1.2311,1.23113,3450000.0477,4869999.8856,2018-03-29T12:57:23.354000Z
956,1.2311,1.23113,2250000.0,5059999.9428,2018-03-29T12:57:24.131000Z
957,1.2311,1.2311200000000002,2250000.0,1000000.0,2018-03-29T12:57:24.817000Z
958,1.2311,1.23113,3450000.0477,5250000.0,2018-03-29T12:57:26.590000Z
959,1.2311,1.2311200000000002,3450000.0477,1000000.0,2018-03-29T12:57:27.500000Z
960,1.2311,1.23113,3450000.0477,5059999.9428,2018-03-29T12:57:28.048000Z
961,1.2311,1.2311200000000002,3450000.0477,1000000.0,2018-03-29T12:57:28.675000Z
962,1.2311100000000001,1.23113,4199999.8093,2809999.9428,2018-03-29T12:57:29.182000Z
963,1.2311,1.2311400000000001,4389999.8665,3940000.0572,2018-03-29T12:57:30.418000Z
964,1.2311,1.2311400000000001,4760000.2289,5099999.9046,2018-03-29T12:57:31.263000Z
965,1.2311100000000001,1.2311400000000001,1250000.0,5809999.9428,2018-03-29T12:57:32.202000Z
966,1.2311200000000002,1.2311400000000001,1000000.0,2059999.9428,2018-03-29T12:57:32.721000Z
967,1.2311,1.2311400000000001,8699999.8093,2059999.9428,2018-03-29T12:57:33.310000Z
968,1.2311100000000001,1.2311400000000001,1000000.0,2809999.9428,2018-03-29T12:57:33.859000Z
969,1.2311400000000001,1.23115,3000000.0,2250000.0,2018-03-29T12:57:34.247000Z
970,1.23115,1.23118,6449999.8093,1500000.0,2018-03-29T12:57:34.300000Z
971,1.23116,1.23119,1100000.0238,2059999.9428,2018-03-29T12:57:34.403000Z
972,1.23116,1.2312,3069999.9332,3190000.0572,2018-03-29T12:57:34.917000Z
973,1.23119,1.2312100000000001,2250000.0,7579999.9237,2018-03-29T12:57:36.766000Z
974,1.2312,1.2312400000000001,3559999.9428,5510000.2289,2018-03-29T12:57:36.922000Z
975,1.2312100000000001,1.2312400000000001,1120000.0048,1200000.0477,2018-03-29T12:57:37.455000Z
976,1.2312100000000001,1.2312400000000001,4690000.0572,1950000.0477,2018-03-29T12:57:37.998000Z
977,1.2312400000000001,1.23125,2250000.0,4500000.0,2018-03-29T12:57:38.258000Z
978,1.23126,1.23129,6000000.0,2509999.9905,2018-03-29T12:57:38.804000Z
979,1.23127,1.23129,6000000.0,3000000.0,2018-03-29T12:57:38.906000Z
980,1.23129,1.2313,1000000.0,1000000.0,2018-03-29T12:57:39.116000Z
981,1.2313,1.2313200000000002,1870000.0048,2609999.8951,2018-03-29T12:57:39.168000Z
982,1.2313100000000001,1.23133,1000000.0,1250000.0,2018-03-29T12:57:39.270000Z
983,1.2313,1.23134,2250000.0,2890000.1049,2018-03-29T12:57:39.613000Z
984,1.2313100000000001,1.23134,1100000.0238,2440000.0572,2018-03-29T12:57:40.150000Z
985,1.2313100000000001,1.23134,1000000.0,1250000.0,2018-03-29T12:57:40.661000Z
986,1.2313100000000001,1.23134,3940000.0572,5440000.0572,2018-03-29T12:57:41.686000Z
987,1.23134,1.2313500000000002,1500000.0,4869999.8856,2018-03-29T12:57:41.739000Z
988,1.23136,1.23138,3000000.0,1500000.0,2018-03-29T12:57:41.843000Z
989,1.23138,1.2314,3750000.0,2890000.1049,2018-03-29T12:57:41.895000Z
990,1.23144,1.2314500000000002,2619999.8856,1000000.0,2018-03-29T12:57:42.033000Z
991,1.23148,1.2315,1000000.0,2619999.8856,2018-03-29T12:57:42.241000Z
992,1.23146,1.23148,2440000.0572,1000000.0,2018-03-29T12:57:42.395000Z
993,1.23147,1.2315,1690000.0572,2059999.9428,2018-03-29T12:57:42.935000Z
994,1.23147,1.23149,3190000.0572,1690000.0572,2018-03-29T12:57:43.699000Z
995,1.23147,1.2315,3559999.9428,2059999.9428,2018-03-29T12:57:44.088000Z
996,1.23147,1.2315,3559999.9428,4760000.2289,2018-03-29T12:57:44.295000Z
997,1.23147,1.2315,2619999.8856,4690000.0572,2018-03-29T12:57:44.502000Z
998,1.23149,1.23151,4690000.0572,1000000.0,2018-03-29T12:57:45.234000Z
999,1.23149,1.23153,4690000.0572,1309999.9428,2018-03-29T12:57:45.287000Z
1000,1.2315,1.23153,5809999.9428,1759999.9905,2018-03-29T12:57:46.016000Z
1001,1.23149,1.23151,11140000.3433,1000000.0,2018-03-29T12:57:46.068000Z
1002,1.23147,1.23149,1500000.0,3750000.0,2018-03-29T12:57:46.170000Z
1003,1.23146,1.23149,1000000.0,7760000.2289,2018-03-29T12:57:46.682000Z
1004,1.23144,1.23147,9369999.8856,1000000.0,2018-03-29T12:57:47.033000Z
1005,1.2314500000000002,1.23148,2809999.9428,1690000.0572,2018-03-29T12:57:47.642000Z
1006,1.2314500000000002,1.23149,2250000.0,2700000.0477,2018-03-29T12:57:48.211000Z
1007,1.23146,1.23148,1120000.0048,1250000.0,2018-03-29T12:57:48.730000Z
1008,1.2314500000000002,1.23148,3750000.0,1190000.0572,2018-03-29T12:57:49.480000Z
1009,1.23146,1.2315,8439999.5804,1950000.0477,2018-03-29T12:57:49.583000Z
1010,1.2314500000000002,1.23148,3940000.0572,1570000.0525,2018-03-29T12:57:49.788000Z
1011,1.2314500000000002,1.23149,2619999.8856,2140000.1049,2018-03-29T12:57:51.426000Z
1012,1.23148,1.2315,1500000.0,6070000.1717,2018-03-29T12:57:51.854000Z
1013,1.23147,1.2315200000000002,3750000.0,7760000.2289,2018-03-29T12:57:52.011000Z
1014,1.23148,1.23153,5619999.8856,12069999.6948,2018-03-29T12:57:52.167000Z
1015,1.2315,1.23154,3369999.8856,4199999.8093,2018-03-29T12:57:54.363000Z
1016,1.2315500000000001,1.23157,1000000.0,1389999.9857,2018-03-29T12:57:54.623000Z
1017,1.23154,1.23158,1870000.0048,3450000.0477,2018-03-29T12:57:55.132000Z
1018,1.23154,1.23158,3000000.0,1200000.0477,2018-03-29T12:57:55.654000Z
1019,1.23154,1.23157,1120000.0048,1100000.0238,2018-03-29T12:57:56.188000Z
1020,1.2315500000000001,1.23158,1870000.0048,1100000.0238,2018-03-29T12:57:56.951000Z
1021,1.23156,1.2316,1000000.0,9069999.6948,2018-03-29T12:57:57.489000Z
1022,1.23154,1.23159,1500000.0,13000000.0,2018-03-29T12:57:58.022000Z
1023,1.23154,1.23157,3750000.0,1000000.0,2018-03-29T12:57:58.569000Z
1024,1.23154,1.23158,2250000.0,1100000.0238,2018-03-29T12:57:59.128000Z
1025,1.23161,1.2316500000000001,1690000.0572,4570000.1717,2018-03-29T12:57:59.528000Z
1026,1.2316200000000002,1.2316500000000001,1000000.0,1570000.0525,2018-03-29T12:58:00.768000Z
1027,1.2316200000000002,1.2316500000000001,2809999.9428,1500000.0,2018-03-29T12:58:01.292000Z
1028,1.2316200000000002,1.23164,1120000.0048,1000000.0,2018-03-29T12:58:02.255000Z
1029,1.23157,1.23161,2809999.9428,1200000.0477,2018-03-29T12:58:02.567000Z
1030,1.23159,1.23163,1690000.0572,1570000.0525,2018-03-29T12:58:02.884000Z
1031,1.23161,1.2316500000000001,3000000.0,6070000.1717,2018-03-29T12:58:03.088000Z
1032,1.2316200000000002,1.2316500000000001,6940000.0572,1000000.0,2018-03-29T12:58:03.191000Z
1033,1.2316200000000002,1.2316500000000001,2440000.0572,1500000.0,2018-03-29T12:58:03.883000Z
1034,1.2316200000000002,1.2316500000000001,1500000.0,1000000.0,2018-03-29T12:58:04.396000Z
1035,1.2316200000000002,1.23163,1120000.0048,1000000.0,2018-03-29T12:58:04.550000Z
1036,1.2316,1.23164,1759999.9905,2700000.0477,2018-03-29T12:58:04.743000Z
1037,1.23158,1.23163,4869999.8856,10569999.6948,2018-03-29T12:58:05.971000Z
1038,1.23161,1.23164,2059999.9428,1200000.0477,2018-03-29T12:58:06.334000Z
1039,1.2316200000000002,1.2316600000000002,4119999.8856,2440000.0572,2018-03-29T12:58:06.745000Z
1040,1.23164,1.23167,1000000.0,5139999.8665,2018-03-29T12:58:06.956000Z
1041,1.23163,1.23164,1950000.0477,1000000.0,2018-03-29T12:58:07.422000Z
1042,1.23161,1.23163,1500000.0,1000000.0,2018-03-29T12:58:07.630000Z
1043,1.23159,1.23161,1870000.0048,5250000.0,2018-03-29T12:58:07.869000Z
1044,1.23157,1.2316,2619999.8856,2250000.0,2018-03-29T12:58:08.178000Z
1045,1.2315500000000001,1.2316,5510000.2289,6820000.1717,2018-03-29T12:58:08.281000Z
1046,1.23156,1.2316,9000000.0,1570000.0525,2018-03-29T12:58:09.454000Z
1047,1.23159,1.23163,5889999.8665,1570000.0525,2018-03-29T12:58:09.765000Z
1048,1.2316,1.23163,1309999.9428,1100000.0238,2018-03-29T12:58:10.351000Z
1049,1.2316,1.2316200000000002,1309999.9428,1000000.0,2018-03-29T12:58:11.557000Z
1050,1.2316,1.23164,1690000.0572,6449999.8093,2018-03-29T12:58:12.130000Z
1051,1.2316,1.23164,8060000.4196,1120000.0048,2018-03-29T12:58:12.677000Z
1052,1.2316,1.2316500000000001,5059999.9428,10949999.8093,2018-03-29T12:58:13.575000Z
1053,1.23161,1.23164,1500000.0,1000000.0,2018-03-29T12:58:14.089000Z
1054,1.2316200000000002,1.2316600000000002,1870000.0048,2700000.0477,2018-03-29T12:58:15.241000Z
1055,1.2316200000000002,1.2316600000000002,3559999.9428,1690000.0572,2018-03-29T12:58:15.791000Z
1056,1.23164,1.2316600000000002,3190000.0572,1000000.0,2018-03-29T12:58:16.309000Z
1057,1.23164,1.23167,7500000.0,1000000.0,2018-03-29T12:58:16.828000Z
1058,1.23167,1.23169,1000000.0,1570000.0525,2018-03-29T12:58:17.141000Z
1059,1.2316500000000001,1.23169,5510000.2289,2319999.9332,2018-03-29T12:58:17.412000Z
1060,1.2316500000000001,1.23169,4949999.8093,2700000.0477,2018-03-29T12:58:17.978000Z
1061,1.2316500000000001,1.23169,11060000.4196,1500000.0,2018-03-29T12:58:18.550000Z
1062,1.2316500000000001,1.2316799999999999,1000000.0,1950000.0477,2018-03-29T12:58:18.862000Z
1063,1.23164,1.2316799999999999,3559999.9428,1120000.0048,2018-03-29T12:58:20.418000Z
1064,1.2316600000000002,1.2317,1870000.0048,3640000.1049,2018-03-29T12:58:20.770000Z
1065,1.2316500000000001,1.2316799999999999,2440000.0572,1000000.0,2018-03-29T12:58:21.127000Z
1066,1.23164,1.2316799999999999,1120000.0048,6250000.0,2018-03-29T12:58:21.436000Z
1067,1.23161,1.23164,2140000.1049,1000000.0,2018-03-29T12:58:22.178000Z
1068,1.2316,1.23164,21190000.5341,1500000.0,2018-03-29T12:58:22.696000Z
1069,1.23161,1.23164,2440000.0572,1870000.0048,2018-03-29T12:58:24.265000Z
1070,1.23161,1.2316500000000001,8810000.4196,8250000.0,2018-03-29T12:58:24.776000Z
1071,1.2316200000000002,1.23164,4690000.0572,1000000.0,2018-03-29T12:58:25.298000Z
1072,1.23161,1.23163,1309999.9428,1000000.0,2018-03-29T12:58:26.687000Z
1073,1.2316,1.23164,5059999.9428,3000000.0,2018-03-29T12:58:27.299000Z
1074,1.2316200000000002,1.23164,6000000.0,1000000.0,2018-03-29T12:58:28.007000Z
1075,1.2316200000000002,1.23163,6000000.0,1000000.0,2018-03-29T12:58:29.048000Z
1076,1.23159,1.2316,1120000.0048,2619999.8856,2018-03-29T12:58:29.154000Z
1077,1.2316,1.2316200000000002,3000000.0,1500000.0,2018-03-29T12:58:29.756000Z
1078,1.2316,1.23164,15069999.6948,1950000.0477,2018-03-29T12:58:29.810000Z
1079,1.2316200000000002,1.2316500000000001,1500000.0,2319999.9332,2018-03-29T12:58:31.629000Z
1080,1.2316200000000002,1.23164,6369999.8856,1500000.0,2018-03-29T12:58:32.146000Z
1081,1.23161,1.23164,1120000.0048,1870000.0048,2018-03-29T12:58:32.728000Z
1082,1.2316,1.23164,7389999.8665,9449999.8093,2018-03-29T12:58:33.496000Z
1083,1.23157,1.23158,1120000.0048,1299999.9523,2018-03-29T12:58:33.601000Z
1084,1.23154,1.23158,9189999.5804,3640000.1049,2018-03-29T12:58:33.705000Z
1085,1.2315200000000002,1.2315500000000001,1309999.9428,5250000.0,2018-03-29T12:58:33.809000Z
1086,1.23151,1.23154,4500000.0,1000000.0,2018-03-29T12:58:33.862000Z
1087,1.2315500000000001,1.23156,2250000.0,1000000.0,2018-03-29T12:58:34.168000Z
1088,1.23156,1.23157,1000000.0,1870000.0048,2018-03-29T12:58:34.410000Z
1089,1.2315500000000001,1.23157,1120000.0048,1120000.0048,2018-03-29T12:58:34.955000Z
1090,1.23154,1.23157,6190000.0572,7199999.8093,2018-03-29T12:58:35.090000Z
1091,1.23153,1.23157,3369999.8856,9260000.2289,2018-03-29T12:58:35.604000Z
1092,1.23154,1.23156,4500000.0,2700000.0477,2018-03-29T12:58:36.163000Z
1093,1.23156,1.23158,6000000.0,4760000.2289,2018-03-29T12:58:36.368000Z
1094,1.23158,1.23159,1000000.0,1120000.0048,2018-03-29T12:58:36.625000Z
1095,1.2316,1.23163,2440000.0572,1950000.0477,2018-03-29T12:58:36.822000Z
1096,1.23164,1.2316500000000001,1000000.0,1000000.0,2018-03-29T12:58:36.977000Z
1097,1.2316200000000002,1.23164,2619999.8856,1000000.0,2018-03-29T12:58:37.234000Z
1098,1.2316500000000001,1.2316600000000002,1000000.0,1570000.0525,2018-03-29T12:58:38.945000Z
1099,1.2316500000000001,1.2316799999999999,3750000.0,10199999.8093,2018-03-29T12:58:39.048000Z
1100,1.2316799999999999,1.2317,1000000.0,2619999.8856,2018-03-29T12:58:39.202000Z
1101,1.2316600000000002,1.2316799999999999,2250000.0,1000000.0,2018-03-29T12:58:39.407000Z
1102,1.2316799999999999,1.2317,5440000.0572,1200000.0477,2018-03-29T12:58:39.649000Z
1103,1.23169,1.23173,4309999.9428,9260000.2289,2018-03-29T12:58:39.701000Z
1104,1.2317,1.23174,4500000.0,7989999.7711,2018-03-29T12:58:40.222000Z
1105,1.2317,1.23174,6000000.0,3670000.0763,2018-03-29T12:58:40.799000Z
1106,1.2317,1.2317200000000001,4500000.0,1500000.0,2018-03-29T12:58:41.003000Z
1107,1.2316799999999999,1.2317,1690000.0572,1000000.0,2018-03-29T12:58:41.054000Z
1108,1.23167,1.2317,5059999.9428,2319999.9332,2018-03-29T12:58:41.512000Z
1109,1.23169,1.23173,8439999.5804,2890000.1049,2018-03-29T12:58:41.736000Z
1110,1.2317,1.23173,4690000.0572,3819999.9332,2018-03-29T12:58:41.942000Z
1111,1.23171,1.23174,3000000.0,2700000.0477,2018-03-29T12:58:42.856000Z
1112,1.23171,1.2317200000000001,2250000.0,1000000.0,2018-03-29T12:58:43.385000Z
1113,1.2316799999999999,1.23173,2619999.8856,4949999.8093,2018-03-29T12:58:43.543000Z
1114,1.2316799999999999,1.23171,3369999.8856,3410000.0858,2018-03-29T12:58:43.830000Z
1115,1.2316600000000002,1.23169,1000000.0,1570000.0525,2018-03-29T12:58:44.093000Z
1116,1.2316799999999999,1.2317,7869999.8856,1500000.0,2018-03-29T12:58:44.302000Z
1117,1.23169,1.2317200000000001,1120000.0048,4389999.8665,2018-03-29T12:58:44.890000Z
1118,1.2317,1.23173,1000000.0,2700000.0477,2018-03-29T12:58:45.402000Z
1119,1.23169,1.2317200000000001,3190000.0572,1570000.0525,2018-03-29T12:58:45.917000Z
1120,1.2317,1.2317200000000001,1000000.0,1100000.0238,2018-03-29T12:58:46.425000Z
1121,1.23171,1.23174,2250000.0,4389999.8665,2018-03-29T12:58:46.937000Z
1122,1.2317,1.23174,5809999.9428,1309999.9428,2018-03-29T12:58:47.465000Z
1123,1.23171,1.2317500000000001,3750000.0,3069999.9332,2018-03-29T12:58:47.994000Z
1124,1.23171,1.2317500000000001,4119999.8856,3069999.9332,2018-03-29T12:58:48.519000Z
1125,1.23174,1.2317600000000002,2250000.0,5320000.1717,2018-03-29T12:58:48.799000Z
1126,1.2317500000000001,1.23178,1120000.0048,1389999.9857,2018-03-29T12:58:48.851000Z
1127,1.23177,1.23179,1000000.0,2700000.0477,2018-03-29T12:58:49.114000Z
1128,1.23179,1.2318200000000001,1000000.0,1950000.0477,2018-03-29T12:58:49.171000Z
1129,1.2318,1.23183,1870000.0048,2440000.0572,2018-03-29T12:58:49.631000Z
1130,1.2318,1.2318200000000001,1120000.0048,1000000.0,2018-03-29T12:58:50.327000Z
1131,1.23181,1.2318200000000001,2250000.0,1000000.0,2018-03-29T12:58:51.268000Z
1132,1.23181,1.23184,5619999.8856,1000000.0,2018-03-29T12:58:51.643000Z
1133,1.23181,1.23183,1000000.0,1200000.0477,2018-03-29T12:58:51.748000Z
1134,1.2318,1.23183,5250000.0,1000000.0,2018-03-29T12:58:52.283000Z
1135,1.2318200000000001,1.23183,1000000.0,1000000.0,2018-03-29T12:58:52.750000Z
1136,1.23181,1.23184,1870000.0048,1690000.0572,2018-03-29T12:58:53.262000Z
1137,1.23183,1.2318600000000002,3940000.0572,2440000.0572,2018-03-29T12:58:53.572000Z
1138,1.23181,1.23183,1100000.0238,1000000.0,2018-03-29T12:58:53.987000Z
1139,1.2318,1.23183,4010000.2289,1000000.0,2018-03-29T12:58:54.900000Z
1140,1.23181,1.23183,1250000.0,1000000.0,2018-03-29T12:58:55.665000Z
1141,1.23181,1.23184,2059999.9428,1000000.0,2018-03-29T12:58:56.175000Z
1142,1.23183,1.23184,1500000.0,1000000.0,2018-03-29T12:58:56.577000Z
1143,1.23181,1.23184,1250000.0,1200000.0477,2018-03-29T12:58:57.093000Z
1144,1.2318,1.23181,1000000.0,1870000.0048,2018-03-29T12:58:57.589000Z
1145,1.2317500000000001,1.23177,1250000.0,1000000.0,2018-03-29T12:58:57.641000Z
1146,1.23174,1.23179,3640000.1049,6639999.8665,2018-03-29T12:58:57.694000Z
1147,1.23174,1.23177,2140000.1049,1100000.0238,2018-03-29T12:58:57.747000Z
1148,1.23174,1.23177,4010000.2289,1200000.0477,2018-03-29T12:58:57.800000Z
1149,1.23174,1.23178,2440000.0572,2509999.9905,2018-03-29T12:58:58.948000Z
1150,1.23173,1.23178,6820000.1717,1950000.0477,2018-03-29T12:58:59.463000Z
1151,1.23173,1.23177,7199999.8093,1570000.0525,2018-03-29T12:59:00.014000Z
1152,1.23173,1.23178,9829999.9237,4760000.2289,2018-03-29T12:59:01.308000Z
1153,1.23174,1.23178,1000000.0,3819999.9332,2018-03-29T12:59:02.398000Z
1154,1.23179,1.2318200000000001,1120000.0048,1200000.0477,2018-03-29T12:59:02.742000Z
1155,1.23178,1.23179,1000000.0,1000000.0,2018-03-29T12:59:03.048000Z
1156,1.2317500000000001,1.2318,6940000.0572,4989999.7711,2018-03-29T12:59:03.357000Z
1157,1.2317500000000001,1.23178,2059999.9428,1570000.0525,2018-03-29T12:59:03.476000Z
1158,1.23174,1.23178,1200000.0477,1200000.0477,2018-03-29T12:59:03.935000Z
1159,1.2317600000000002,1.23179,1500000.0,5320000.1717,2018-03-29T12:59:04.735000Z
1160,1.23177,1.2318,1120000.0048,1070000.0525,2018-03-29T12:59:05.247000Z
1161,1.2317600000000002,1.2318,6260000.2289,1070000.0525,2018-03-29T12:59:05.762000Z
1162,1.2317600000000002,1.2318,7389999.8665,1070000.0525,2018-03-29T12:59:06.072000Z
1163,1.23178,1.23181,1870000.0048,2619999.8856,2018-03-29T12:59:06.596000Z
1164,1.2317600000000002,1.23179,1120000.0048,1200000.0477,2018-03-29T12:59:07.014000Z
1165,1.2317600000000002,1.23179,2059999.9428,1000000.0,2018-03-29T12:59:07.531000Z
1166,1.23177,1.2318,1250000.0,3069999.9332,2018-03-29T12:59:08.632000Z
1167,1.23178,1.2318,4690000.0572,1200000.0477,2018-03-29T12:59:09.320000Z
1168,1.23179,1.23181,1190000.0572,1000000.0,2018-03-29T12:59:09.371000Z
1169,1.23181,1.23183,7500000.0,1950000.0477,2018-03-29T12:59:09.627000Z
1170,1.23181,1.23184,7119999.8856,5320000.1717,2018-03-29T12:59:10.130000Z
1171,1.23181,1.23184,5809999.9428,3069999.9332,2018-03-29T12:59:10.642000Z
1172,1.23181,1.2318200000000001,2619999.8856,1200000.0477,2018-03-29T12:59:11.284000Z
1173,1.23181,1.23184,6750000.0,2700000.0477,2018-03-29T12:59:11.822000Z
1174,1.2318200000000001,1.23184,2250000.0,5320000.1717,2018-03-29T12:59:12.405000Z
1175,1.23181,1.23184,6750000.0,3069999.9332,2018-03-29T12:59:12.982000Z
1176,1.2318200000000001,1.23183,1000000.0,1100000.0238,2018-03-29T12:59:13.528000Z
1177,1.23184,1.2318700000000002,1250000.0,2509999.9905,2018-03-29T12:59:13.737000Z
1178,1.23183,1.2318700000000002,1690000.0572,4570000.1717,2018-03-29T12:59:14.463000Z
1179,1.23183,1.2318600000000002,1250000.0,1200000.0477,2018-03-29T12:59:14.567000Z
1180,1.2318700000000002,1.23188,1500000.0,13010000.2289,2018-03-29T12:59:15.094000Z
1181,1.23189,1.2319200000000001,1250000.0,4199999.8093,2018-03-29T12:59:15.259000Z
1182,1.2318700000000002,1.23189,1000000.0,1690000.0572,2018-03-29T12:59:15.571000Z
1183,1.2318500000000001,1.23188,1250000.0,1950000.0477,2018-03-29T12:59:15.623000Z
1184,1.23184,1.2318600000000002,1690000.0572,1000000.0,2018-03-29T12:59:16.147000Z
1185,1.23181,1.23184,1100000.0238,1200000.0477,2018-03-29T12:59:16.229000Z
1186,1.23181,1.23184,1190000.0572,3819999.9332,2018-03-29T12:59:16.766000Z
1187,1.23179,1.23184,8890000.3433,2319999.9332,2018-03-29T12:59:17.077000Z
1188,1.23183,1.2318600000000002,1000000.0,2319999.9332,2018-03-29T12:59:17.413000Z
1189,1.23183,1.23184,1000000.0,1000000.0,2018-03-29T12:59:18.142000Z
1190,1.2318,1.2318200000000001,3190000.0572,1000000.0,2018-03-29T12:59:18.245000Z
1191,1.23177,1.2318,5139999.8665,1000000.0,2018-03-29T12:59:18.452000Z
1192,1.23178,1.2318200000000001,1500000.0,3450000.0477,2018-03-29T12:59:18.503000Z
1193,1.2318,1.23183,1870000.0048,3259999.9905,2018-03-29T12:59:18.708000Z
1194,1.2318,1.23183,1120000.0048,1389999.9857,2018-03-29T12:59:18.801000Z
1195,1.2318,1.23183,1500000.0,1070000.0525,2018-03-29T12:59:19.483000Z
1196,1.2318,1.23184,3750000.0,3450000.0477,2018-03-29T12:59:20.528000Z
1197,1.2318200000000001,1.2318600000000002,4500000.0,1009999.9905,2018-03-29T12:59:20.736000Z
1198,1.23181,1.2318500000000001,3369999.8856,5320000.1717,2018-03-29T12:59:20.910000Z
1199,1.23181,1.23184,1000000.0,1759999.9905,2018-03-29T12:59:21.013000Z
1200,1.23181,1.23184,1500000.0,2140000.1049,2018-03-29T12:59:21.549000Z
1201,1.23183,1.2318500000000001,1000000.0,1070000.0525,2018-03-29T12:59:23.073000Z
1202,1.23184,1.2318700000000002,1100000.0238,6639999.8665,2018-03-29T12:59:23.244000Z
1203,1.23183,1.2318700000000002,1870000.0048,3259999.9905,2018-03-29T12:59:24.085000Z
1204,1.23183,1.23184,1870000.0048,1120000.0048,2018-03-29T12:59:25.152000Z
1205,1.23181,1.23184,2319999.9332,1870000.0048,2018-03-29T12:59:25.203000Z
1206,1.2318200000000001,1.23184,1500000.0,1000000.0,2018-03-29T12:59:25.577000Z
1207,1.23184,1.2318600000000002,1000000.0,1500000.0,2018-03-29T12:59:25.681000Z
1208,1.23183,1.2318600000000002,1120000.0048,2319999.9332,2018-03-29T12:59:30.166000Z
1209,1.2318500000000001,1.2318700000000002,1000000.0,3819999.9332,2018-03-29T12:59:30.530000Z
1210,1.23184,1.2318700000000002,1000000.0,4010000.2289,2018-03-29T12:59:31.088000Z
1211,1.23183,1.2318700000000002,7760000.2289,2890000.1049,2018-03-29T12:59:31.617000Z
1212,1.23183,1.2318600000000002,1120000.0048,2319999.9332,2018-03-29T12:59:32.570000Z
1213,1.2318500000000001,1.2318700000000002,1000000.0,1200000.0477,2018-03-29T12:59:33.141000Z
1214,1.23184,1.23188,1500000.0,5699999.8093,2018-03-29T12:59:33.244000Z
1215,1.23184,1.23188,1500000.0,6070000.1717,2018-03-29T12:59:33.750000Z
1216,1.23184,1.2318700000000002,1000000.0,1320000.0525,2018-03-29T12:59:34.288000Z
1217,1.23183,1.2318500000000001,4309999.9428,3940000.0572,2018-03-29T12:59:34.457000Z
1218,1.23181,1.23183,1000000.0,1309999.9428,2018-03-29T12:59:34.610000Z
1219,1.23181,1.23183,1000000.0,2359999.8951,2018-03-29T12:59:35.118000Z
1220,1.2318,1.23183,2059999.9428,1200000.0477,2018-03-29T12:59:35.670000Z
1221,1.23183,1.2318500000000001,1000000.0,1870000.0048,2018-03-29T12:59:35.773000Z
1222,1.23181,1.2318500000000001,5619999.8856,1419999.9571,2018-03-29T12:59:36.370000Z
1223,1.23181,1.2318600000000002,3640000.1049,8170000.0763,2018-03-29T12:59:37.125000Z
1224,1.23181,1.2318500000000001,8039999.9619,3970000.0286,2018-03-29T12:59:37.901000Z
1225,1.23181,1.2318500000000001,11180000.3052,5469999.7902,2018-03-29T12:59:38.457000Z
1226,1.23184,1.2318600000000002,1000000.0,1100000.0238,2018-03-29T12:59:38.846000Z
1227,1.2318500000000001,1.2318700000000002,6250000.0,5699999.8093,2018-03-29T12:59:39.340000Z
1228,1.2318500000000001,1.2318600000000002,3750000.0,1100000.0238,2018-03-29T12:59:39.861000Z
1229,1.2318500000000001,1.2318700000000002,6250000.0,4500000.0,2018-03-29T12:59:40.374000Z
1230,1.23184,1.2318600000000002,3000000.0,1000000.0,2018-03-29T12:59:40.975000Z
1231,1.23184,1.2318600000000002,2700000.0477,1000000.0,2018-03-29T12:59:42.714000Z
1232,1.23183,1.2318500000000001,1200000.0477,1000000.0,2018-03-29T12:59:43.227000Z
1233,1.23184,1.2318500000000001,1100000.0238,1120000.0048,2018-03-29T12:59:44.897000Z
1234,1.2318500000000001,1.2318600000000002,2250000.0,1200000.0477,2018-03-29T12:59:45.893000Z
1235,1.2318500000000001,1.2318700000000002,2250000.0,2809999.9428,2018-03-29T12:59:46.415000Z
1236,1.23184,1.23188,9449999.8093,5699999.8093,2018-03-29T12:59:46.929000Z
1237,1.2318500000000001,1.2318700000000002,2250000.0,1500000.0,2018-03-29T12:59:47.461000Z
1238,1.2318500000000001,1.23188,3000000.0,5889999.8665,2018-03-29T12:59:47.970000Z
1239,1.2318500000000001,1.2318700000000002,2319999.9332,1500000.0,2018-03-29T12:59:48.484000Z
1240,1.2318500000000001,1.23188,1950000.0477,1389999.9857,2018-03-29T12:59:49.008000Z
1241,1.2318700000000002,1.2319,9000000.0,12789999.9619,2018-03-29T12:59:49.164000Z
1242,1.2318700000000002,1.2319,3450000.0477,2809999.9428,2018-03-29T12:59:49.727000Z
1243,1.2318700000000002,1.23189,4500000.0,1289999.9619,2018-03-29T12:59:50.134000Z
1244,1.2318600000000002,1.2318700000000002,4500000.0,1000000.0,2018-03-29T12:59:50.668000Z
1245,1.23188,1.2319,7500000.0,1950000.0477,2018-03-29T12:59:51.033000Z
1246,1.2318600000000002,1.23188,7500000.0,1100000.0238,2018-03-29T12:59:51.345000Z
1247,1.2318600000000002,1.23189,3000000.0,1759999.9905,2018-03-29T12:59:51.884000Z
1248,1.2318600000000002,1.23188,2250000.0,1009999.9905,2018-03-29T12:59:52.423000Z
1249,1.2318500000000001,1.23188,9560000.4196,1950000.0477,2018-03-29T12:59:54.614000Z
1250,1.2318700000000002,1.23188,1000000.0,1120000.0048,2018-03-29T12:59:55.188000Z
1251,1.23188,1.23191,3369999.8856,3819999.9332,2018-03-29T12:59:55.343000Z
1252,1.23189,1.23191,1120000.0048,1200000.0477,2018-03-29T12:59:55.856000Z
1253,1.23188,1.23191,5059999.9428,1570000.0525,2018-03-29T12:59:56.952000Z
1254,1.23189,1.23191,1309999.9428,1570000.0525,2018-03-29T12:59:57.468000Z
1255,1.23188,1.2319,2250000.0,3190000.0572,2018-03-29T12:59:58.060000Z
1256,1.2318600000000002,1.23189,3369999.8856,1000000.0,2018-03-29T12:59:58.162000Z
1257,1.23189,1.2319,4500000.0,1100000.0238,2018-03-29T12:59:58.366000Z
1258,1.23189,1.23191,2059999.9428,1100000.0238,2018-03-29T12:59:58.469000Z
1259,1.23188,1.2319,1000000.0,1100000.0238,2018-03-29T12:59:59.017000Z
1260,1.23189,1.2319,2250000.0,1000000.0,2018-03-29T12:59:59.589000Z
1261,1.2318600000000002,1.23189,3640000.1049,1570000.0525,2018-03-29T13:00:00.098000Z
1262,1.2318600000000002,1.23188,1120000.0048,1389999.9857,2018-03-29T13:00:00.204000Z
1263,1.23184,1.2318600000000002,2619999.8856,4500000.0,2018-03-29T13:00:00.358000Z
1264,1.2318200000000001,1.2318600000000002,2700000.0477,4199999.8093,2018-03-29T13:00:00.410000Z
1265,1.23184,1.2318600000000002,1309999.9428,2319999.9332,2018-03-29T13:00:00.461000Z
1266,1.2318200000000001,1.23184,4690000.0572,1100000.0238,2018-03-29T13:00:00.688000Z
1267,1.23178,1.23181,7690000.0572,1120000.0048,2018-03-29T13:00:00.791000Z
1268,1.23178,1.2318,1000000.0,1070000.0525,2018-03-29T13:00:00.893000Z
