,bid,ask,bid_vol,ask_vol,time
0,1.22107,1.2211,1070000.0525,1500000.0,2018-02-28T13:45:00.064000Z
1,1.22108,1.2211,1200000.0477,1000000.0,2018-02-28T13:45:00.748000Z
2,1.22107,1.2211,1389999.9857,1000000.0,2018-02-28T13:45:01.822000Z
3,1.22105,1.22107,1950000.0477,3000000.0,2018-02-28T13:45:02.131000Z
4,1.22106,1.22109,1950000.0477,1309999.9428,2018-02-28T13:45:02.655000Z
5,1.22105,1.22109,1570000.0525,2440000.0572,2018-02-28T13:45:03.907000Z
6,1.22105,1.22107,1389999.9857,1250000.0,2018-02-28T13:45:03.961000Z
7,1.2210200000000002,1.22105,1320000.0525,2809999.9428,2018-02-28T13:45:04.273000Z
8,1.2210100000000002,1.2210400000000001,1570000.0525,1000000.0,2018-02-28T13:45:05.091000Z
9,1.22097,1.22099,3069999.9332,1000000.0,2018-02-28T13:45:05.406000Z
10,1.22095,1.221,5699999.8093,3000000.0,2018-02-28T13:45:05.459000Z
11,1.22098,1.2210200000000002,1070000.0525,2319999.9332,2018-02-28T13:45:05.616000Z
12,1.221,1.2210200000000002,3000000.0,1000000.0,2018-02-28T13:45:06.427000Z
13,1.221,1.2210400000000001,1250000.0,2890000.1049,2018-02-28T13:45:06.479000Z
14,1.22099,1.2210200000000002,3259999.9905,1690000.0572,2018-02-28T13:45:06.530000Z
15,1.22097,1.2210100000000002,2319999.9332,1690000.0572,2018-02-28T13:45:06.735000Z
16,1.22097,1.2210100000000002,3259999.9905,2440000.0572,2018-02-28T13:45:06.842000Z
17,1.22096,1.22099,3069999.9332,1120000.0048,2018-02-28T13:45:07.988000Z
18,1.22096,1.22099,1389999.9857,1120000.0048,2018-02-28T13:45:09.032000Z
19,1.22096,1.221,1009999.9905,3750000.0,2018-02-28T13:45:09.824000Z
20,1.22097,1.22099,1320000.0525,1000000.0,2018-02-28T13:45:10.138000Z
21,1.22097,1.2210100000000002,1320000.0525,1610000.0143,2018-02-28T13:45:10.551000Z
22,1.22099,1.2210200000000002,1570000.0525,1120000.0048,2018-02-28T13:45:11.034000Z
23,1.221,1.2210400000000001,6820000.1717,6440000.0572,2018-02-28T13:45:11.699000Z
24,1.22097,1.2210100000000002,5139999.8665,5059999.9428,2018-02-28T13:45:12.198000Z
25,1.221,1.22103,2059999.9428,1500000.0,2018-02-28T13:45:12.407000Z
26,1.2210100000000002,1.2210400000000001,4199999.8093,2250000.0,2018-02-28T13:45:12.805000Z
27,1.2210100000000002,1.2210400000000001,1200000.0477,2250000.0,2018-02-28T13:45:12.907000Z
28,1.2210200000000002,1.2210400000000001,2700000.0477,1000000.0,2018-02-28T13:45:13.315000Z
29,1.2210200000000002,1.22106,6070000.1717,4719999.7902,2018-02-28T13:45:13.888000Z
30,1.2210200000000002,1.22106,1570000.0525,5059999.9428,2018-02-28T13:45:14.352000Z
31,1.2210200000000002,1.22105,1759999.9905,1309999.9428,2018-02-28T13:45:15.397000Z
32,1.2210400000000001,1.22106,1000000.0,5250000.0,2018-02-28T13:45:15.760000Z
33,1.22106,1.22108,1100000.0238,1000000.0,2018-02-28T13:45:15.948000Z
34,1.22106,1.2211,1389999.9857,4119999.8856,2018-02-28T13:45:16.474000Z
35,1.22106,1.2211,1200000.0477,4119999.8856,2018-02-28T13:45:16.980000Z
36,1.22106,1.22108,1000000.0,1000000.0,2018-02-28T13:45:17.237000Z
37,1.22105,1.22108,1570000.0525,6000000.0,2018-02-28T13:45:17.779000Z
38,1.2210400000000001,1.22107,3069999.9332,1500000.0,2018-02-28T13:45:18.289000Z
39,1.22103,1.22106,1200000.0477,3369999.8856,2018-02-28T13:45:18.392000Z
40,1.22103,1.2210400000000001,1100000.0238,4500000.0,2018-02-28T13:45:18.443000Z
41,1.2210200000000002,1.2210400000000001,1009999.9905,1000000.0,2018-02-28T13:45:18.578000Z
42,1.2210100000000002,1.22103,1389999.9857,3750000.0,2018-02-28T13:45:19.097000Z
43,1.22105,1.22106,1500000.0,1000000.0,2018-02-28T13:45:19.305000Z
44,1.22105,1.22108,3559999.9428,1200000.0477,2018-02-28T13:45:19.359000Z
45,1.22106,1.2211,1570000.0525,7119999.8856,2018-02-28T13:45:19.505000Z
46,1.22105,1.22107,5889999.8665,1250000.0,2018-02-28T13:45:19.871000Z
47,1.22105,1.22108,1200000.0477,1309999.9428,2018-02-28T13:45:20.412000Z
48,1.2210400000000001,1.22108,3819999.9332,1690000.0572,2018-02-28T13:45:20.930000Z
49,1.2210400000000001,1.22107,1100000.0238,1000000.0,2018-02-28T13:45:21.504000Z
50,1.2210200000000002,1.22105,1100000.0238,6750000.0,2018-02-28T13:45:21.763000Z
51,1.22099,1.2210200000000002,6639999.8665,1000000.0,2018-02-28T13:45:22.078000Z
52,1.22098,1.2210100000000002,8699999.8093,3750000.0,2018-02-28T13:45:22.622000Z
53,1.221,1.2210200000000002,1320000.0525,1000000.0,2018-02-28T13:45:22.934000Z
54,1.221,1.2210400000000001,3259999.9905,5099999.9046,2018-02-28T13:45:23.089000Z
55,1.221,1.2210200000000002,1700000.0477,2250000.0,2018-02-28T13:45:23.516000Z
56,1.221,1.2210400000000001,4010000.2289,3970000.0286,2018-02-28T13:45:24.112000Z
57,1.22099,1.2210200000000002,1200000.0477,1000000.0,2018-02-28T13:45:24.267000Z
58,1.22098,1.221,1389999.9857,1120000.0048,2018-02-28T13:45:24.792000Z
59,1.22097,1.221,1070000.0525,2059999.9428,2018-02-28T13:45:25.337000Z
60,1.22097,1.22099,5320000.1717,2250000.0,2018-02-28T13:45:25.970000Z
61,1.22097,1.2210100000000002,7570000.1717,1000000.0,2018-02-28T13:45:26.024000Z
62,1.221,1.2210200000000002,1100000.0238,3000000.0,2018-02-28T13:45:26.242000Z
63,1.22098,1.2210200000000002,2700000.0477,6369999.8856,2018-02-28T13:45:26.452000Z
64,1.22098,1.2210200000000002,1389999.9857,1120000.0048,2018-02-28T13:45:26.982000Z
65,1.22098,1.2210200000000002,3640000.1049,1120000.0048,2018-02-28T13:45:27.813000Z
66,1.22097,1.221,2319999.9332,1000000.0,2018-02-28T13:45:28.351000Z
67,1.22097,1.2210100000000002,4010000.2289,1120000.0048,2018-02-28T13:45:29.130000Z
68,1.22096,1.221,3819999.9332,1690000.0572,2018-02-28T13:45:29.661000Z
69,1.22097,1.221,4389999.8665,3000000.0,2018-02-28T13:45:29.986000Z
70,1.22097,1.2210100000000002,4199999.8093,2619999.8856,2018-02-28T13:45:30.560000Z
71,1.22098,1.221,2890000.1049,1250000.0,2018-02-28T13:45:31.356000Z
72,1.22098,1.2210100000000002,2890000.1049,3190000.0572,2018-02-28T13:45:32.074000Z
73,1.221,1.2210100000000002,1000000.0,1000000.0,2018-02-28T13:45:32.790000Z
74,1.221,1.22103,2700000.0477,1120000.0048,2018-02-28T13:45:33.001000Z
75,1.22099,1.221,5139999.8665,1500000.0,2018-02-28T13:45:33.700000Z
76,1.22085,1.2208700000000001,1200000.0477,1690000.0572,2018-02-28T13:45:33.855000Z
77,1.2208200000000002,1.22086,1570000.0525,1120000.0048,2018-02-28T13:45:34.063000Z
78,1.22085,1.2208700000000001,3559999.9428,2440000.0572,2018-02-28T13:45:34.505000Z
79,1.22086,1.22089,1120000.0048,1250000.0,2018-02-28T13:45:34.609000Z
80,1.22085,1.22088,5699999.8093,3000000.0,2018-02-28T13:45:35.176000Z
81,1.22084,1.22085,1870000.0048,1120000.0048,2018-02-28T13:45:35.360000Z
82,1.2208200000000002,1.22086,1250000.0,3450000.0477,2018-02-28T13:45:35.412000Z
83,1.2208100000000002,1.22083,1289999.9619,1000000.0,2018-02-28T13:45:35.464000Z
84,1.2208200000000002,1.22084,3259999.9905,1000000.0,2018-02-28T13:45:35.879000Z
85,1.22083,1.22086,1759999.9905,1000000.0,2018-02-28T13:45:35.984000Z
86,1.2208200000000002,1.22085,1009999.9905,1000000.0,2018-02-28T13:45:36.667000Z
87,1.2208,1.2208200000000002,1570000.0525,1000000.0,2018-02-28T13:45:36.719000Z
88,1.22078,1.2208200000000002,1389999.9857,3000000.0,2018-02-28T13:45:36.822000Z
89,1.22076,1.2208,4010000.2289,3190000.0572,2018-02-28T13:45:37.231000Z
90,1.22076,1.2208,1200000.0477,2250000.0,2018-02-28T13:45:37.779000Z
91,1.2207700000000001,1.2208,3069999.9332,1870000.0048,2018-02-28T13:45:38.289000Z
92,1.22076,1.2208,2700000.0477,2250000.0,2018-02-28T13:45:39.493000Z
93,1.22076,1.2208,2700000.0477,8189999.5804,2018-02-28T13:45:40.020000Z
94,1.22076,1.22079,1070000.0525,15750000.0,2018-02-28T13:45:40.562000Z
95,1.22072,1.2207700000000001,2700000.0477,8250000.0,2018-02-28T13:45:40.670000Z
96,1.22074,1.2207700000000001,2700000.0477,1500000.0,2018-02-28T13:45:40.794000Z
97,1.22074,1.22079,6309999.9428,1500000.0,2018-02-28T13:45:40.848000Z
98,1.2207700000000001,1.2208,1000000.0,3750000.0,2018-02-28T13:45:41.005000Z
99,1.22075,1.2208,2319999.9332,2250000.0,2018-02-28T13:45:41.520000Z
100,1.22074,1.2207700000000001,2700000.0477,7309999.9428,2018-02-28T13:45:41.992000Z
101,1.22072,1.2207700000000001,1009999.9905,14890000.3433,2018-02-28T13:45:42.043000Z
102,1.2207000000000001,1.22074,1950000.0477,3750000.0,2018-02-28T13:45:42.248000Z
103,1.2207100000000002,1.22074,2700000.0477,1000000.0,2018-02-28T13:45:42.672000Z
104,1.2207100000000002,1.22073,1070000.0525,1000000.0,2018-02-28T13:45:43.185000Z
105,1.2207100000000002,1.22074,1570000.0525,1000000.0,2018-02-28T13:45:43.712000Z
106,1.22075,1.22076,1000000.0,1120000.0048,2018-02-28T13:45:44.025000Z
107,1.2207100000000002,1.22075,5889999.8665,3000000.0,2018-02-28T13:45:44.339000Z
108,1.2207000000000001,1.22074,1450000.0477,1120000.0048,2018-02-28T13:45:44.850000Z
109,1.2207000000000001,1.22072,1200000.0477,1000000.0,2018-02-28T13:45:44.953000Z
110,1.2206700000000001,1.2207100000000002,8890000.3433,1000000.0,2018-02-28T13:45:45.468000Z
111,1.22066,1.2207000000000001,3069999.9332,3000000.0,2018-02-28T13:45:45.820000Z
112,1.22066,1.22069,1580000.0429,1000000.0,2018-02-28T13:45:46.396000Z
113,1.22068,1.2207000000000001,1200000.0477,1309999.9428,2018-02-28T13:45:46.732000Z
114,1.2207000000000001,1.22072,1100000.0238,1000000.0,2018-02-28T13:45:46.889000Z
115,1.2207000000000001,1.22074,5510000.2289,3000000.0,2018-02-28T13:45:47.340000Z
116,1.2207100000000002,1.22074,1570000.0525,2619999.8856,2018-02-28T13:45:47.852000Z
117,1.2207000000000001,1.22074,2140000.1049,2619999.8856,2018-02-28T13:45:48.187000Z
118,1.2207100000000002,1.22073,1950000.0477,1000000.0,2018-02-28T13:45:48.720000Z
119,1.22069,1.2207100000000002,6820000.1717,4869999.8856,2018-02-28T13:45:48.772000Z
120,1.2206700000000001,1.22069,1370000.0048,4769999.9809,2018-02-28T13:45:48.876000Z
121,1.22065,1.22068,1570000.0525,4570000.1717,2018-02-28T13:45:48.981000Z
122,1.22064,1.22066,1120000.0048,2700000.0477,2018-02-28T13:45:49.084000Z
123,1.2206100000000002,1.22064,1009999.9905,1120000.0048,2018-02-28T13:45:49.276000Z
124,1.22065,1.2206700000000001,2059999.9428,1200000.0477,2018-02-28T13:45:50.234000Z
125,1.2206100000000002,1.22066,3450000.0477,4570000.1717,2018-02-28T13:45:50.545000Z
126,1.22062,1.22064,1389999.9857,1000000.0,2018-02-28T13:45:51.550000Z
127,1.2206100000000002,1.2206299999999999,3259999.9905,1000000.0,2018-02-28T13:45:52.158000Z
128,1.2206100000000002,1.22064,4389999.8665,1000000.0,2018-02-28T13:45:54.463000Z
129,1.22064,1.22066,3640000.1049,1500000.0,2018-02-28T13:45:54.984000Z
130,1.22065,1.22066,1200000.0477,1000000.0,2018-02-28T13:45:55.511000Z
131,1.22065,1.22066,1120000.0048,1120000.0048,2018-02-28T13:45:56.186000Z
132,1.22064,1.2206700000000001,6449999.8093,1000000.0,2018-02-28T13:45:57.546000Z
133,1.22064,1.22066,3819999.9332,1500000.0,2018-02-28T13:45:57.970000Z
134,1.22062,1.22064,1200000.0477,1000000.0,2018-02-28T13:45:58.146000Z
135,1.22062,1.22065,1200000.0477,3369999.8856,2018-02-28T13:45:58.299000Z
136,1.22062,1.22064,2319999.9332,1000000.0,2018-02-28T13:45:58.808000Z
137,1.22062,1.22065,2700000.0477,1120000.0048,2018-02-28T13:45:59.317000Z
138,1.22062,1.22065,3069999.9332,1120000.0048,2018-02-28T13:45:59.678000Z
139,1.22062,1.22066,1950000.0477,1500000.0,2018-02-28T13:46:00.025000Z
140,1.22065,1.2206700000000001,1570000.0525,1190000.0572,2018-02-28T13:46:00.336000Z
141,1.22065,1.22068,3640000.1049,2250000.0,2018-02-28T13:46:00.861000Z
142,1.22065,1.22068,1190000.0572,1500000.0,2018-02-28T13:46:01.505000Z
143,1.22064,1.22068,2700000.0477,2250000.0,2018-02-28T13:46:01.596000Z
144,1.2206299999999999,1.2206700000000001,2319999.9332,1000000.0,2018-02-28T13:46:03.409000Z
145,1.22065,1.22068,1570000.0525,2619999.8856,2018-02-28T13:46:03.514000Z
146,1.2206299999999999,1.2206700000000001,5320000.1717,1500000.0,2018-02-28T13:46:04.070000Z
147,1.2206299999999999,1.22066,4570000.1717,4500000.0,2018-02-28T13:46:04.695000Z
148,1.2206299999999999,1.2206700000000001,4949999.8093,1500000.0,2018-02-28T13:46:05.263000Z
149,1.22062,1.22065,1450000.0477,1000000.0,2018-02-28T13:46:05.649000Z
150,1.22062,1.22066,2319999.9332,1500000.0,2018-02-28T13:46:06.319000Z
151,1.22062,1.22064,1570000.0525,2250000.0,2018-02-28T13:46:06.629000Z
152,1.22062,1.22066,1570000.0525,8619999.8856,2018-02-28T13:46:07.165000Z
153,1.22062,1.22066,3450000.0477,4500000.0,2018-02-28T13:46:07.686000Z
154,1.22062,1.22066,3819999.9332,4119999.8856,2018-02-28T13:46:08.280000Z
155,1.22062,1.22065,3450000.0477,1000000.0,2018-02-28T13:46:08.820000Z
156,1.22062,1.22066,1570000.0525,3369999.8856,2018-02-28T13:46:09.350000Z
157,1.22066,1.22068,3750000.0,14739999.7711,2018-02-28T13:46:09.663000Z
158,1.2207100000000002,1.22073,1100000.0238,2619999.8856,2018-02-28T13:46:09.870000Z
159,1.22074,1.22075,1500000.0,1000000.0,2018-02-28T13:46:10.381000Z
160,1.22072,1.22075,1120000.0048,2319999.9332,2018-02-28T13:46:10.699000Z
161,1.22072,1.22075,1200000.0477,1120000.0048,2018-02-28T13:46:10.751000Z
162,1.2207100000000002,1.22074,5699999.8093,1000000.0,2018-02-28T13:46:11.416000Z
163,1.22074,1.22075,1500000.0,1000000.0,2018-02-28T13:46:11.898000Z
164,1.22075,1.2207700000000001,3190000.0572,1200000.0477,2018-02-28T13:46:11.950000Z
165,1.22074,1.2207700000000001,11140000.3433,1000000.0,2018-02-28T13:46:12.470000Z
166,1.22076,1.22078,2509999.9905,1000000.0,2018-02-28T13:46:13.115000Z
167,1.22076,1.22079,3259999.9905,1120000.0048,2018-02-28T13:46:13.219000Z
168,1.22076,1.22078,2509999.9905,1000000.0,2018-02-28T13:46:14.228000Z
169,1.22076,1.22079,1759999.9905,2619999.8856,2018-02-28T13:46:14.743000Z
170,1.22076,1.2207700000000001,1389999.9857,1500000.0,2018-02-28T13:46:15.273000Z
171,1.2207100000000002,1.22074,1759999.9905,1000000.0,2018-02-28T13:46:15.534000Z
172,1.22073,1.22075,2140000.1049,1000000.0,2018-02-28T13:46:16.062000Z
173,1.22075,1.2207700000000001,1570000.0525,1000000.0,2018-02-28T13:46:16.271000Z
174,1.22074,1.22076,1389999.9857,1000000.0,2018-02-28T13:46:16.804000Z
175,1.22072,1.22073,3369999.8856,3750000.0,2018-02-28T13:46:16.957000Z
176,1.22064,1.22065,2250000.0,1000000.0,2018-02-28T13:46:17.009000Z
177,1.22062,1.22064,1009999.9905,2250000.0,2018-02-28T13:46:17.061000Z
178,1.2206100000000002,1.2206299999999999,1070000.0525,1000000.0,2018-02-28T13:46:17.596000Z
179,1.22059,1.2206299999999999,14510000.2289,1000000.0,2018-02-28T13:46:18.602000Z
180,1.22059,1.2206100000000002,1070000.0525,3190000.0572,2018-02-28T13:46:19.341000Z
181,1.22056,1.22059,3640000.1049,1500000.0,2018-02-28T13:46:19.695000Z
182,1.2205700000000002,1.2206000000000001,1200000.0477,3000000.0,2018-02-28T13:46:21.356000Z
183,1.22058,1.2206100000000002,1100000.0238,1870000.0048,2018-02-28T13:46:21.896000Z
184,1.2206000000000001,1.22062,1389999.9857,1250000.0,2018-02-28T13:46:22.414000Z
185,1.22062,1.22065,3819999.9332,1000000.0,2018-02-28T13:46:22.778000Z
186,1.22062,1.22065,6260000.2289,1000000.0,2018-02-28T13:46:23.297000Z
187,1.22062,1.22065,1950000.0477,1000000.0,2018-02-28T13:46:23.351000Z
188,1.2206100000000002,1.2206299999999999,1389999.9857,1000000.0,2018-02-28T13:46:23.404000Z
189,1.2206100000000002,1.22064,1320000.0525,1000000.0,2018-02-28T13:46:23.918000Z
190,1.22055,1.22058,2140000.1049,1690000.0572,2018-02-28T13:46:24.234000Z
191,1.2205100000000002,1.22056,11109999.6567,1500000.0,2018-02-28T13:46:24.439000Z
192,1.22052,1.22054,4949999.8093,1000000.0,2018-02-28T13:46:24.642000Z
193,1.22052,1.22056,2319999.9332,1720000.0286,2018-02-28T13:46:24.694000Z
194,1.22053,1.22055,1100000.0238,1000000.0,2018-02-28T13:46:24.747000Z
195,1.22054,1.2205700000000002,2059999.9428,2619999.8856,2018-02-28T13:46:24.800000Z
196,1.22056,1.22058,1320000.0525,3750000.0,2018-02-28T13:46:24.853000Z
197,1.22055,1.2205700000000002,2509999.9905,1250000.0,2018-02-28T13:46:25.364000Z
198,1.22055,1.2205700000000002,1759999.9905,1250000.0,2018-02-28T13:46:25.913000Z
199,1.22053,1.22056,1950000.0477,1000000.0,2018-02-28T13:46:26.229000Z
200,1.22055,1.22056,1000000.0,1250000.0,2018-02-28T13:46:26.593000Z
201,1.22054,1.22059,4760000.2289,3069999.9332,2018-02-28T13:46:26.644000Z
202,1.22055,1.22058,3259999.9905,1000000.0,2018-02-28T13:46:27.158000Z
203,1.22056,1.22058,1759999.9905,1000000.0,2018-02-28T13:46:27.707000Z
204,1.22056,1.22059,1759999.9905,1000000.0,2018-02-28T13:46:28.214000Z
205,1.22056,1.22058,1690000.0572,2619999.8856,2018-02-28T13:46:28.472000Z
206,1.22054,1.22058,1200000.0477,2440000.0572,2018-02-28T13:46:28.524000Z
207,1.22054,1.22056,1000000.0,1000000.0,2018-02-28T13:46:28.576000Z
208,1.22053,1.22054,1690000.0572,1000000.0,2018-02-28T13:46:29.044000Z
209,1.22053,1.22055,1690000.0572,2250000.0,2018-02-28T13:46:29.579000Z
210,1.22055,1.2205700000000002,1500000.0,1000000.0,2018-02-28T13:46:30.007000Z
211,1.2205100000000002,1.22055,1100000.0238,1000000.0,2018-02-28T13:46:30.252000Z
212,1.2205100000000002,1.22055,3450000.0477,1000000.0,2018-02-28T13:46:31.021000Z
213,1.22054,1.22055,1500000.0,1250000.0,2018-02-28T13:46:31.230000Z
214,1.22059,1.2206100000000002,2250000.0,2619999.8856,2018-02-28T13:46:31.282000Z
215,1.2206100000000002,1.2206299999999999,1100000.0238,1000000.0,2018-02-28T13:46:31.337000Z
216,1.2206100000000002,1.22064,3259999.9905,1120000.0048,2018-02-28T13:46:31.491000Z
217,1.22058,1.22059,1870000.0048,1690000.0572,2018-02-28T13:46:31.543000Z
218,1.2205700000000002,1.2206000000000001,1100000.0238,1000000.0,2018-02-28T13:46:31.749000Z
219,1.22059,1.2206100000000002,1200000.0477,1000000.0,2018-02-28T13:46:32.106000Z
220,1.2205000000000001,1.22054,2140000.1049,1120000.0048,2018-02-28T13:46:32.312000Z
221,1.2205000000000001,1.22052,1000000.0,1000000.0,2018-02-28T13:46:32.416000Z
222,1.2205000000000001,1.22054,1000000.0,3819999.9332,2018-02-28T13:46:32.948000Z
223,1.2205000000000001,1.22054,2319999.9332,3369999.8856,2018-02-28T13:46:33.551000Z
224,1.2205100000000002,1.22054,1100000.0238,4119999.8856,2018-02-28T13:46:35.576000Z
225,1.2205000000000001,1.22053,2890000.1049,1000000.0,2018-02-28T13:46:36.406000Z
226,1.22053,1.22055,3000000.0,4500000.0,2018-02-28T13:46:37.078000Z
227,1.22053,1.22056,1120000.0048,1120000.0048,2018-02-28T13:46:37.130000Z
228,1.22053,1.22054,1120000.0048,1250000.0,2018-02-28T13:46:37.183000Z
229,1.2205100000000002,1.22055,1690000.0572,2059999.9428,2018-02-28T13:46:37.359000Z
230,1.2205100000000002,1.22054,2319999.9332,1000000.0,2018-02-28T13:46:37.920000Z
231,1.2205100000000002,1.22054,2700000.0477,1100000.0238,2018-02-28T13:46:38.422000Z
232,1.2205100000000002,1.22054,1690000.0572,1470000.0286,2018-02-28T13:46:38.951000Z
233,1.2205000000000001,1.22052,2250000.0,1000000.0,2018-02-28T13:46:39.057000Z
234,1.22046,1.2205000000000001,3069999.9332,3819999.9332,2018-02-28T13:46:39.221000Z
235,1.22045,1.22048,5889999.8665,1000000.0,2018-02-28T13:46:39.582000Z
236,1.22045,1.22048,1389999.9857,1000000.0,2018-02-28T13:46:40.501000Z
237,1.2204700000000002,1.22048,1250000.0,1000000.0,2018-02-28T13:46:40.808000Z
238,1.22048,1.22052,4869999.8856,2319999.9332,2018-02-28T13:46:41.117000Z
239,1.22048,1.2205000000000001,1000000.0,1000000.0,2018-02-28T13:46:41.169000Z
240,1.2204700000000002,1.2205000000000001,4309999.9428,1000000.0,2018-02-28T13:46:41.710000Z
241,1.2204700000000002,1.2205000000000001,5210000.0381,1000000.0,2018-02-28T13:46:42.296000Z
242,1.22048,1.22049,1200000.0477,1000000.0,2018-02-28T13:46:42.847000Z
243,1.22049,1.2205000000000001,1000000.0,1009999.9905,2018-02-28T13:46:43.358000Z
244,1.22048,1.2205000000000001,1250000.0,1000000.0,2018-02-28T13:46:43.905000Z
245,1.2204700000000002,1.22049,2809999.9428,1000000.0,2018-02-28T13:46:44.419000Z
246,1.2204700000000002,1.2205000000000001,3559999.9428,1100000.0238,2018-02-28T13:46:45.233000Z
247,1.22049,1.2205100000000002,1879999.9952,1000000.0,2018-02-28T13:46:45.957000Z
248,1.22049,1.22053,2809999.9428,1570000.0525,2018-02-28T13:46:46.045000Z
249,1.22052,1.22053,1000000.0,1000000.0,2018-02-28T13:46:46.098000Z
250,1.2205100000000002,1.22054,2059999.9428,1100000.0238,2018-02-28T13:46:46.253000Z
251,1.2205100000000002,1.22054,1309999.9428,1100000.0238,2018-02-28T13:46:46.941000Z
252,1.22052,1.22054,7579999.9237,1000000.0,2018-02-28T13:46:47.944000Z
253,1.22055,1.22058,1250000.0,3450000.0477,2018-02-28T13:46:48.151000Z
254,1.22053,1.2205700000000002,3150000.0954,1570000.0525,2018-02-28T13:46:49.178000Z
255,1.22055,1.22056,1500000.0,1000000.0,2018-02-28T13:46:49.738000Z
256,1.2205100000000002,1.22054,5809999.9428,1000000.0,2018-02-28T13:46:49.942000Z
257,1.22049,1.22053,15939999.5804,4570000.1717,2018-02-28T13:46:50.690000Z
258,1.22048,1.2205000000000001,2250000.0,2140000.1049,2018-02-28T13:46:50.795000Z
259,1.2205000000000001,1.22052,1129999.9952,1200000.0477,2018-02-28T13:46:50.902000Z
260,1.2205000000000001,1.22053,4869999.8856,1100000.0238,2018-02-28T13:46:51.071000Z
261,1.22052,1.22054,1190000.0572,1000000.0,2018-02-28T13:46:51.174000Z
262,1.22052,1.22055,3940000.0572,1100000.0238,2018-02-28T13:46:51.276000Z
263,1.22052,1.22055,1500000.0,1950000.0477,2018-02-28T13:46:51.786000Z
264,1.2205100000000002,1.22055,3559999.9428,1200000.0477,2018-02-28T13:46:52.329000Z
265,1.22052,1.22055,1250000.0,1200000.0477,2018-02-28T13:46:52.858000Z
266,1.2205100000000002,1.22055,1250000.0,2759999.9905,2018-02-28T13:46:54.046000Z
267,1.2205100000000002,1.22055,2059999.9428,1200000.0477,2018-02-28T13:46:54.628000Z
268,1.22052,1.22055,1690000.0572,1120000.0048,2018-02-28T13:46:57.106000Z
269,1.2205100000000002,1.22056,1129999.9952,8510000.2289,2018-02-28T13:46:57.468000Z
270,1.2205000000000001,1.22054,3369999.8856,1570000.0525,2018-02-28T13:46:57.741000Z
271,1.2205000000000001,1.22054,5619999.8856,1950000.0477,2018-02-28T13:46:58.253000Z
272,1.2205000000000001,1.22054,5440000.0572,2700000.0477,2018-02-28T13:46:58.887000Z
273,1.2205000000000001,1.22054,4869999.8856,1570000.0525,2018-02-28T13:46:59.413000Z
274,1.2205100000000002,1.22053,1500000.0,1000000.0,2018-02-28T13:47:00.333000Z
275,1.2205100000000002,1.22054,1000000.0,1500000.0,2018-02-28T13:47:01.586000Z
276,1.22052,1.22054,1500000.0,1000000.0,2018-02-28T13:47:02.100000Z
277,1.2205100000000002,1.22053,6190000.0572,1000000.0,2018-02-28T13:47:02.618000Z
278,1.2205100000000002,1.22053,1500000.0,1120000.0048,2018-02-28T13:47:03.119000Z
279,1.2205000000000001,1.22054,11020000.4578,1120000.0048,2018-02-28T13:47:03.649000Z
280,1.22052,1.22054,1000000.0,1000000.0,2018-02-28T13:47:04.965000Z
281,1.22052,1.22056,1309999.9428,4949999.8093,2018-02-28T13:47:05.329000Z
282,1.22052,1.22056,1309999.9428,3069999.9332,2018-02-28T13:47:05.862000Z
283,1.22053,1.22055,3000000.0,1100000.0238,2018-02-28T13:47:06.367000Z
284,1.22052,1.22053,1870000.0048,1000000.0,2018-02-28T13:47:07.331000Z
285,1.22046,1.22049,1000000.0,3450000.0477,2018-02-28T13:47:07.473000Z
286,1.2204700000000002,1.2205000000000001,2059999.9428,1019999.9809,2018-02-28T13:47:07.580000Z
287,1.2205000000000001,1.2205100000000002,1000000.0,1200000.0477,2018-02-28T13:47:07.955000Z
288,1.2205100000000002,1.22054,1120000.0048,1200000.0477,2018-02-28T13:47:08.418000Z
289,1.22052,1.22055,3000000.0,1009999.9905,2018-02-28T13:47:08.522000Z
290,1.22053,1.22055,5440000.0572,1250000.0,2018-02-28T13:47:08.627000Z
291,1.22052,1.22055,6369999.8856,1250000.0,2018-02-28T13:47:09.120000Z
292,1.2205100000000002,1.22053,1000000.0,1000000.0,2018-02-28T13:47:09.284000Z
293,1.2205000000000001,1.22053,3750000.0,1000000.0,2018-02-28T13:47:09.821000Z
294,1.2205100000000002,1.22052,1000000.0,1000000.0,2018-02-28T13:47:10.549000Z
295,1.2205100000000002,1.22053,1250000.0,1250000.0,2018-02-28T13:47:11.879000Z
296,1.22053,1.22054,1120000.0048,1000000.0,2018-02-28T13:47:12.915000Z
297,1.22053,1.2205700000000002,2250000.0,1200000.0477,2018-02-28T13:47:13.020000Z
298,1.22052,1.2205700000000002,6559999.9428,1570000.0525,2018-02-28T13:47:13.156000Z
299,1.2205100000000002,1.22053,1000000.0,3819999.9332,2018-02-28T13:47:13.314000Z
300,1.22048,1.22052,4500000.0,1000000.0,2018-02-28T13:47:13.366000Z
301,1.22049,1.22052,4130000.1144,1200000.0477,2018-02-28T13:47:13.525000Z
302,1.22049,1.22053,7130000.1144,1690000.0572,2018-02-28T13:47:14.152000Z
303,1.22048,1.2205000000000001,4309999.9428,1000000.0,2018-02-28T13:47:16.053000Z
304,1.2204700000000002,1.2205000000000001,1120000.0048,1200000.0477,2018-02-28T13:47:16.934000Z
305,1.22046,1.22049,6190000.0572,1000000.0,2018-02-28T13:47:17.448000Z
306,1.22046,1.22049,2619999.8856,1250000.0,2018-02-28T13:47:18.018000Z
307,1.2204700000000002,1.22049,2619999.8856,1250000.0,2018-02-28T13:47:18.193000Z
308,1.22046,1.2204700000000002,5619999.8856,1000000.0,2018-02-28T13:47:18.792000Z
309,1.22043,1.22045,1500000.0,1500000.0,2018-02-28T13:47:18.898000Z
310,1.22041,1.22044,2059999.9428,1000000.0,2018-02-28T13:47:19.007000Z
311,1.22043,1.22044,1000000.0,2509999.9905,2018-02-28T13:47:19.168000Z
312,1.22045,1.22046,1000000.0,1200000.0477,2018-02-28T13:47:19.487000Z
313,1.22042,1.22045,7869999.8856,4010000.2289,2018-02-28T13:47:20.001000Z
314,1.22041,1.22045,2619999.8856,2140000.1049,2018-02-28T13:47:20.107000Z
315,1.22039,1.22041,16049999.2371,2869999.8856,2018-02-28T13:47:20.317000Z
316,1.22035,1.22039,6820000.1717,1370000.0048,2018-02-28T13:47:20.421000Z
317,1.22035,1.2203600000000001,1000000.0,1250000.0,2018-02-28T13:47:20.474000Z
318,1.22028,1.22031,6940000.0572,1700000.0477,2018-02-28T13:47:20.820000Z
319,1.2202600000000001,1.22029,3750000.0,1389999.9857,2018-02-28T13:47:21.029000Z
320,1.22028,1.22031,5809999.9428,2509999.9905,2018-02-28T13:47:21.242000Z
321,1.2203000000000002,1.22032,2809999.9428,1250000.0,2018-02-28T13:47:21.581000Z
322,1.22031,1.22034,1120000.0048,25389999.3896,2018-02-28T13:47:22.090000Z
323,1.22032,1.22033,2250000.0,1250000.0,2018-02-28T13:47:22.678000Z
324,1.22031,1.22035,6789999.9619,2170000.0763,2018-02-28T13:47:22.731000Z
325,1.22033,1.22034,1000000.0,1759999.9905,2018-02-28T13:47:23.292000Z
326,1.22031,1.22035,1500000.0,4389999.8665,2018-02-28T13:47:23.962000Z
327,1.22031,1.22035,1120000.0048,5510000.2289,2018-02-28T13:47:24.467000Z
328,1.2203000000000002,1.22034,3750000.0,1200000.0477,2018-02-28T13:47:25.004000Z
329,1.22028,1.22031,1870000.0048,6750000.0,2018-02-28T13:47:25.420000Z
330,1.22025,1.22029,2619999.8856,1759999.9905,2018-02-28T13:47:25.526000Z
331,1.2202700000000002,1.2203000000000002,1500000.0,2140000.1049,2018-02-28T13:47:25.785000Z
332,1.22029,1.22033,3000000.0,2319999.9332,2018-02-28T13:47:26.246000Z
333,1.22031,1.22033,1000000.0,1100000.0238,2018-02-28T13:47:26.552000Z
334,1.22035,1.2203700000000002,1250000.0,7570000.1717,2018-02-28T13:47:26.655000Z
335,1.2203700000000002,1.2204000000000002,3000000.0,2319999.9332,2018-02-28T13:47:26.759000Z
336,1.22035,1.22038,1120000.0048,1009999.9905,2018-02-28T13:47:26.930000Z
337,1.22033,1.2203700000000002,2440000.0572,1759999.9905,2018-02-28T13:47:27.135000Z
338,1.22034,1.2203700000000002,9939999.5804,1009999.9905,2018-02-28T13:47:27.670000Z
339,1.22032,1.2203600000000001,2250000.0,1070000.0525,2018-02-28T13:47:27.825000Z
340,1.22031,1.22034,2809999.9428,1389999.9857,2018-02-28T13:47:27.877000Z
341,1.22028,1.22032,4829999.9237,5440000.0572,2018-02-28T13:47:28.401000Z
342,1.2202600000000001,1.2202700000000002,7869999.8856,1120000.0048,2018-02-28T13:47:28.460000Z
343,1.2202700000000002,1.2203000000000002,1309999.9428,1200000.0477,2018-02-28T13:47:29.009000Z
344,1.2202700000000002,1.2203000000000002,4500000.0,1250000.0,2018-02-28T13:47:29.653000Z
345,1.22029,1.2203000000000002,1120000.0048,1250000.0,2018-02-28T13:47:30.167000Z
346,1.2202600000000001,1.2203000000000002,1000000.0,2140000.1049,2018-02-28T13:47:30.528000Z
347,1.22024,1.22028,8510000.2289,1009999.9905,2018-02-28T13:47:30.994000Z
348,1.22023,1.2202700000000002,2809999.9428,1500000.0,2018-02-28T13:47:31.300000Z
349,1.22023,1.2202700000000002,5630000.1144,1009999.9905,2018-02-28T13:47:31.615000Z
350,1.22024,1.22028,1120000.0048,4010000.2289,2018-02-28T13:47:32.254000Z
351,1.2202600000000001,1.2202700000000002,1120000.0048,1250000.0,2018-02-28T13:47:32.614000Z
352,1.2202700000000002,1.22029,1250000.0,1009999.9905,2018-02-28T13:47:32.720000Z
353,1.2202600000000001,1.2203000000000002,1500000.0,2509999.9905,2018-02-28T13:47:33.294000Z
354,1.22028,1.22031,5630000.1144,1200000.0477,2018-02-28T13:47:33.549000Z
355,1.22024,1.22029,13390000.3433,4869999.8856,2018-02-28T13:47:33.805000Z
356,1.22024,1.22028,6559999.9428,2140000.1049,2018-02-28T13:47:33.857000Z
357,1.22024,1.22028,1000000.0,1759999.9905,2018-02-28T13:47:34.396000Z
358,1.22024,1.22028,1870000.0048,5889999.8665,2018-02-28T13:47:35.176000Z
359,1.22023,1.2202700000000002,3190000.0572,1100000.0238,2018-02-28T13:47:36.084000Z
360,1.22023,1.22025,1440000.0572,1250000.0,2018-02-28T13:47:36.436000Z
361,1.22024,1.2202600000000001,1690000.0572,1250000.0,2018-02-28T13:47:36.988000Z
362,1.2202600000000001,1.2202700000000002,1000000.0,1250000.0,2018-02-28T13:47:37.392000Z
363,1.22025,1.2203000000000002,1690000.0572,3450000.0477,2018-02-28T13:47:37.444000Z
364,1.22024,1.2202600000000001,3559999.9428,1000000.0,2018-02-28T13:47:37.648000Z
365,1.22025,1.2202700000000002,2250000.0,1250000.0,2018-02-28T13:47:38.364000Z
366,1.2202700000000002,1.22028,1000000.0,1120000.0048,2018-02-28T13:47:38.416000Z
367,1.22025,1.2203000000000002,2440000.0572,1950000.0477,2018-02-28T13:47:38.930000Z
368,1.22028,1.2203000000000002,1000000.0,1009999.9905,2018-02-28T13:47:39.310000Z
369,1.22029,1.2203000000000002,1000000.0,1309999.9428,2018-02-28T13:47:40.043000Z
370,1.22028,1.2203000000000002,1250000.0,1309999.9428,2018-02-28T13:47:40.563000Z
371,1.22028,1.2203000000000002,11250000.0,1250000.0,2018-02-28T13:47:41.388000Z
372,1.22029,1.2203000000000002,2250000.0,1000000.0,2018-02-28T13:47:41.897000Z
373,1.22032,1.22033,1000000.0,1120000.0048,2018-02-28T13:47:42.261000Z
374,1.22033,1.22035,1309999.9428,2059999.9428,2018-02-28T13:47:42.368000Z
375,1.22035,1.2203600000000001,1000000.0,1250000.0,2018-02-28T13:47:42.421000Z
376,1.22035,1.22038,1000000.0,1950000.0477,2018-02-28T13:47:42.474000Z
377,1.22034,1.2203600000000001,3190000.0572,1000000.0,2018-02-28T13:47:42.687000Z
378,1.22035,1.22038,4690000.0572,1000000.0,2018-02-28T13:47:42.740000Z
379,1.2203700000000002,1.22039,1309999.9428,1000000.0,2018-02-28T13:47:43.209000Z
380,1.22035,1.22038,4500000.0,1000000.0,2018-02-28T13:47:43.710000Z
381,1.22034,1.22039,4010000.2289,2700000.0477,2018-02-28T13:47:43.814000Z
382,1.22034,1.2203700000000002,4690000.0572,1000000.0,2018-02-28T13:47:44.354000Z
383,1.22034,1.2203700000000002,2059999.9428,1500000.0,2018-02-28T13:47:45.251000Z
384,1.22035,1.2203700000000002,24750000.0,1000000.0,2018-02-28T13:47:46.008000Z
385,1.22039,1.2204000000000002,1500000.0,1000000.0,2018-02-28T13:47:46.114000Z
386,1.2204000000000002,1.22042,1120000.0048,1000000.0,2018-02-28T13:47:46.322000Z
387,1.22039,1.22041,7500000.0,1000000.0,2018-02-28T13:47:46.661000Z
388,1.22038,1.22042,3000000.0,4500000.0,2018-02-28T13:47:47.228000Z
389,1.2203700000000002,1.2204000000000002,4500000.0,1000000.0,2018-02-28T13:47:47.279000Z
390,1.22038,1.22041,1000000.0,1000000.0,2018-02-28T13:47:47.808000Z
391,1.22039,1.22042,2250000.0,1570000.0525,2018-02-28T13:47:48.429000Z
392,1.22038,1.22042,6750000.0,1570000.0525,2018-02-28T13:47:48.945000Z
393,1.22039,1.22042,2250000.0,1570000.0525,2018-02-28T13:47:49.843000Z
394,1.22038,1.22042,2250000.0,4570000.1717,2018-02-28T13:47:50.353000Z
395,1.22038,1.22042,1500000.0,1950000.0477,2018-02-28T13:47:51.050000Z
396,1.22038,1.22041,1870000.0048,1000000.0,2018-02-28T13:47:51.841000Z
397,1.2203700000000002,1.22042,4690000.0572,2700000.0477,2018-02-28T13:47:52.388000Z
398,1.2203700000000002,1.22042,9560000.4196,1690000.0572,2018-02-28T13:47:53.134000Z
399,1.22038,1.22042,1120000.0048,2809999.9428,2018-02-28T13:47:53.668000Z
400,1.22038,1.22041,3369999.8856,1000000.0,2018-02-28T13:47:54.466000Z
401,1.22039,1.22041,1000000.0,1000000.0,2018-02-28T13:47:55.188000Z
402,1.22039,1.22042,1120000.0048,3190000.0572,2018-02-28T13:47:56.573000Z
403,1.2204000000000002,1.22042,1000000.0,2440000.0572,2018-02-28T13:47:57.170000Z
404,1.22039,1.22042,1870000.0048,2250000.0,2018-02-28T13:47:57.685000Z
405,1.22039,1.22041,1500000.0,1250000.0,2018-02-28T13:47:58.193000Z
406,1.22038,1.22042,6369999.8856,1000000.0,2018-02-28T13:47:58.732000Z
407,1.22039,1.22042,3000000.0,1000000.0,2018-02-28T13:47:59.276000Z
408,1.22038,1.22041,1120000.0048,1000000.0,2018-02-28T13:47:59.962000Z
409,1.22038,1.2204000000000002,6559999.9428,1250000.0,2018-02-28T13:48:00.273000Z
410,1.22038,1.2204000000000002,1309999.9428,1000000.0,2018-02-28T13:48:00.782000Z
411,1.2203700000000002,1.2204000000000002,2809999.9428,1000000.0,2018-02-28T13:48:01.305000Z
412,1.2203700000000002,1.22039,2619999.8856,1000000.0,2018-02-28T13:48:01.814000Z
413,1.2203600000000001,1.2204000000000002,3940000.0572,3369999.8856,2018-02-28T13:48:02.348000Z
414,1.2203700000000002,1.22039,2809999.9428,1250000.0,2018-02-28T13:48:02.864000Z
415,1.2203700000000002,1.2204000000000002,3750000.0,1000000.0,2018-02-28T13:48:03.567000Z
416,1.22038,1.2204000000000002,1120000.0048,1000000.0,2018-02-28T13:48:04.098000Z
417,1.2203700000000002,1.2204000000000002,2250000.0,1100000.0238,2018-02-28T13:48:06.352000Z
418,1.22038,1.2204000000000002,1000000.0,1100000.0238,2018-02-28T13:48:06.882000Z
419,1.2203700000000002,1.2204000000000002,2059999.9428,1009999.9905,2018-02-28T13:48:07.458000Z
420,1.2204000000000002,1.22041,2250000.0,1000000.0,2018-02-28T13:48:07.772000Z
421,1.22041,1.22044,3190000.0572,1000000.0,2018-02-28T13:48:08.146000Z
422,1.22041,1.22043,3750000.0,1250000.0,2018-02-28T13:48:08.197000Z
423,1.22044,1.22045,3369999.8856,1000000.0,2018-02-28T13:48:08.452000Z
424,1.22045,1.2204700000000002,3940000.0572,1250000.0,2018-02-28T13:48:08.608000Z
425,1.22048,1.2205000000000001,1500000.0,10390000.3433,2018-02-28T13:48:08.788000Z
426,1.22046,1.2204700000000002,1000000.0,1000000.0,2018-02-28T13:48:08.840000Z
427,1.22044,1.22046,2250000.0,1250000.0,2018-02-28T13:48:09.015000Z
428,1.22044,1.22046,10500000.0,1000000.0,2018-02-28T13:48:09.971000Z
429,1.22046,1.22048,2500000.0,1000000.0,2018-02-28T13:48:10.134000Z
430,1.22045,1.2204700000000002,2250000.0,1000000.0,2018-02-28T13:48:10.441000Z
431,1.22045,1.22048,10500000.0,1100000.0238,2018-02-28T13:48:10.905000Z
432,1.22046,1.22048,2250000.0,1120000.0048,2018-02-28T13:48:11.435000Z
433,1.22046,1.2205000000000001,1870000.0048,3450000.0477,2018-02-28T13:48:11.951000Z
434,1.22045,1.2204700000000002,1500000.0,1000000.0,2018-02-28T13:48:12.577000Z
435,1.22043,1.2204700000000002,6940000.0572,1870000.0048,2018-02-28T13:48:12.630000Z
436,1.22043,1.22045,1000000.0,1000000.0,2018-02-28T13:48:12.684000Z
437,1.22041,1.22045,7489999.7711,1000000.0,2018-02-28T13:48:12.789000Z
438,1.22042,1.22046,3369999.8856,2700000.0477,2018-02-28T13:48:13.326000Z
439,1.22041,1.22045,7309999.9428,1250000.0,2018-02-28T13:48:13.902000Z
440,1.22041,1.22045,6369999.8856,1100000.0238,2018-02-28T13:48:15.346000Z
441,1.22041,1.22044,2619999.8856,1000000.0,2018-02-28T13:48:16.090000Z
442,1.22039,1.2204000000000002,1500000.0,1000000.0,2018-02-28T13:48:16.512000Z
443,1.2203700000000002,1.2204000000000002,1250000.0,5250000.0,2018-02-28T13:48:16.565000Z
444,1.2203600000000001,1.2204000000000002,1120000.0048,1200000.0477,2018-02-28T13:48:17.095000Z
445,1.2203700000000002,1.2204000000000002,2619999.8856,1200000.0477,2018-02-28T13:48:18.018000Z
446,1.22038,1.2204000000000002,1000000.0,1250000.0,2018-02-28T13:48:18.628000Z
447,1.2204000000000002,1.22043,6000000.0,2319999.9332,2018-02-28T13:48:18.939000Z
448,1.22042,1.22043,2250000.0,1250000.0,2018-02-28T13:48:19.096000Z
449,1.22044,1.22046,1250000.0,1950000.0477,2018-02-28T13:48:19.235000Z
450,1.22046,1.22048,1000000.0,1000000.0,2018-02-28T13:48:19.286000Z
451,1.22049,1.2205000000000001,1000000.0,1000000.0,2018-02-28T13:48:19.598000Z
452,1.22048,1.2205000000000001,1250000.0,1250000.0,2018-02-28T13:48:20.118000Z
453,1.2204700000000002,1.2205000000000001,3940000.0572,1009999.9905,2018-02-28T13:48:20.652000Z
454,1.2204700000000002,1.2205000000000001,1000000.0,2250000.0,2018-02-28T13:48:21.214000Z
455,1.2204700000000002,1.22049,1870000.0048,1250000.0,2018-02-28T13:48:21.735000Z
456,1.22046,1.2205000000000001,4500000.0,1200000.0477,2018-02-28T13:48:22.275000Z
457,1.22054,1.22055,1120000.0048,1000000.0,2018-02-28T13:48:22.616000Z
458,1.22053,1.22056,1860000.0143,1100000.0238,2018-02-28T13:48:22.668000Z
459,1.22055,1.2205700000000002,1500000.0,1000000.0,2018-02-28T13:48:22.721000Z
460,1.2205700000000002,1.22059,1120000.0048,1000000.0,2018-02-28T13:48:23.028000Z
461,1.2205700000000002,1.22062,1870000.0048,2410000.0858,2018-02-28T13:48:23.634000Z
462,1.2206000000000001,1.2206100000000002,3000000.0,1250000.0,2018-02-28T13:48:23.897000Z
463,1.22058,1.2206100000000002,3369999.8856,1309999.9428,2018-02-28T13:48:24.085000Z
464,1.2205700000000002,1.22059,3000000.0,2809999.9428,2018-02-28T13:48:24.241000Z
465,1.2205700000000002,1.22059,3190000.0572,1250000.0,2018-02-28T13:48:24.760000Z
466,1.22058,1.2206000000000001,2500000.0,1100000.0238,2018-02-28T13:48:25.155000Z
467,1.22058,1.22059,1000000.0,1000000.0,2018-02-28T13:48:25.670000Z
468,1.22056,1.22059,8060000.4196,1000000.0,2018-02-28T13:48:26.174000Z
469,1.2205700000000002,1.22059,1250000.0,1000000.0,2018-02-28T13:48:26.718000Z
470,1.2205700000000002,1.2206100000000002,1250000.0,1759999.9905,2018-02-28T13:48:27.228000Z
471,1.2205700000000002,1.2206100000000002,2619999.8856,7389999.8665,2018-02-28T13:48:27.839000Z
472,1.22058,1.2206000000000001,1120000.0048,1000000.0,2018-02-28T13:48:28.348000Z
473,1.2205700000000002,1.2206000000000001,3750000.0,1000000.0,2018-02-28T13:48:29.145000Z
474,1.2205700000000002,1.22059,1870000.0048,1000000.0,2018-02-28T13:48:29.666000Z
475,1.22056,1.22059,4119999.8856,1250000.0,2018-02-28T13:48:30.183000Z
476,1.22056,1.22058,1120000.0048,1250000.0,2018-02-28T13:48:30.794000Z
477,1.22056,1.22059,1120000.0048,1250000.0,2018-02-28T13:48:31.296000Z
478,1.22056,1.22058,1500000.0,1000000.0,2018-02-28T13:48:32.298000Z
479,1.2205700000000002,1.22059,1500000.0,1250000.0,2018-02-28T13:48:33.280000Z
480,1.2206000000000001,1.2206100000000002,1870000.0048,1000000.0,2018-02-28T13:48:33.746000Z
481,1.22062,1.2206299999999999,1000000.0,1250000.0,2018-02-28T13:48:33.852000Z
482,1.2206000000000001,1.2206299999999999,3559999.9428,1250000.0,2018-02-28T13:48:33.904000Z
483,1.22062,1.2206299999999999,3369999.8856,1250000.0,2018-02-28T13:48:34.008000Z
484,1.22066,1.22068,1000000.0,1120000.0048,2018-02-28T13:48:34.321000Z
485,1.22066,1.22069,5809999.9428,1500000.0,2018-02-28T13:48:34.833000Z
486,1.2206700000000001,1.22069,2250000.0,1000000.0,2018-02-28T13:48:35.364000Z
487,1.22064,1.22065,1120000.0048,1000000.0,2018-02-28T13:48:35.825000Z
488,1.22065,1.2206700000000001,5619999.8856,1000000.0,2018-02-28T13:48:36.361000Z
489,1.2206700000000001,1.22068,1500000.0,1000000.0,2018-02-28T13:48:36.958000Z
490,1.2206700000000001,1.2207000000000001,1500000.0,2250000.0,2018-02-28T13:48:37.009000Z
491,1.22069,1.2207100000000002,1000000.0,1120000.0048,2018-02-28T13:48:37.151000Z
492,1.2206700000000001,1.2207100000000002,5619999.8856,1200000.0477,2018-02-28T13:48:37.689000Z
493,1.2206700000000001,1.2207000000000001,3369999.8856,1000000.0,2018-02-28T13:48:38.371000Z
494,1.2206700000000001,1.2207100000000002,1370000.0048,3259999.9905,2018-02-28T13:48:38.904000Z
495,1.22068,1.2207000000000001,2619999.8856,1250000.0,2018-02-28T13:48:39.441000Z
496,1.22066,1.22069,5619999.8856,2809999.9428,2018-02-28T13:48:40.307000Z
497,1.2206299999999999,1.2206700000000001,1500000.0,4500000.0,2018-02-28T13:48:40.464000Z
498,1.2206299999999999,1.22065,4869999.8856,1250000.0,2018-02-28T13:48:40.670000Z
499,1.22065,1.2206700000000001,2500000.0,1690000.0572,2018-02-28T13:48:40.983000Z
500,1.22064,1.22066,4500000.0,1000000.0,2018-02-28T13:48:41.226000Z
501,1.2206299999999999,1.22066,6940000.0572,1000000.0,2018-02-28T13:48:42.061000Z
502,1.22066,1.2206700000000001,2250000.0,1000000.0,2018-02-28T13:48:42.610000Z
503,1.2206299999999999,1.22065,6750000.0,1000000.0,2018-02-28T13:48:42.920000Z
504,1.22062,1.22066,1870000.0048,1100000.0238,2018-02-28T13:48:43.456000Z
505,1.22064,1.22066,1500000.0,1200000.0477,2018-02-28T13:48:43.825000Z
506,1.22062,1.22066,1120000.0048,1950000.0477,2018-02-28T13:48:43.965000Z
507,1.2206299999999999,1.22065,3750000.0,1000000.0,2018-02-28T13:48:44.483000Z
508,1.22065,1.2206700000000001,4119999.8856,1000000.0,2018-02-28T13:48:44.791000Z
509,1.22065,1.22068,5059999.9428,2619999.8856,2018-02-28T13:48:44.843000Z
510,1.22064,1.2206700000000001,2250000.0,1250000.0,2018-02-28T13:48:46.273000Z
511,1.22064,1.22066,2250000.0,1309999.9428,2018-02-28T13:48:46.807000Z
512,1.2206700000000001,1.22069,2250000.0,4199999.8093,2018-02-28T13:48:46.860000Z
513,1.22066,1.2207000000000001,3000000.0,5320000.1717,2018-02-28T13:48:46.912000Z
514,1.22066,1.2206700000000001,3750000.0,1250000.0,2018-02-28T13:48:47.014000Z
515,1.22065,1.22068,12000000.0,1000000.0,2018-02-28T13:48:47.538000Z
516,1.22066,1.22068,2250000.0,1000000.0,2018-02-28T13:48:48.061000Z
517,1.22068,1.22069,1000000.0,1000000.0,2018-02-28T13:48:48.426000Z
518,1.2207000000000001,1.22072,1000000.0,1200000.0477,2018-02-28T13:48:48.896000Z
519,1.2207000000000001,1.22074,9000000.0,1700000.0477,2018-02-28T13:48:49Z
520,1.2207000000000001,1.22074,6000000.0,1000000.0,2018-02-28T13:48:50.369000Z
521,1.22068,1.22072,2250000.0,1580000.0429,2018-02-28T13:48:52.059000Z
522,1.2207000000000001,1.2207100000000002,1000000.0,1250000.0,2018-02-28T13:48:52.319000Z
523,1.22075,1.22079,4500000.0,1500000.0,2018-02-28T13:48:52.678000Z
524,1.22074,1.2207700000000001,1200000.0477,1120000.0048,2018-02-28T13:48:52.833000Z
525,1.22073,1.22075,2250000.0,1000000.0,2018-02-28T13:48:53.140000Z
526,1.2207100000000002,1.22076,8810000.4196,1200000.0477,2018-02-28T13:48:53.507000Z
527,1.22073,1.22076,2250000.0,1120000.0048,2018-02-28T13:48:53.559000Z
528,1.22076,1.2207700000000001,3000000.0,1759999.9905,2018-02-28T13:48:53.968000Z
529,1.22076,1.22078,2059999.9428,1000000.0,2018-02-28T13:48:54.226000Z
530,1.22078,1.22079,1120000.0048,1120000.0048,2018-02-28T13:48:54.512000Z
531,1.22079,1.2208200000000002,4500000.0,1200000.0477,2018-02-28T13:48:54.933000Z
532,1.2208100000000002,1.22084,1000000.0,2319999.9332,2018-02-28T13:48:55.038000Z
533,1.2208,1.22084,6750000.0,1500000.0,2018-02-28T13:48:55.547000Z
534,1.22078,1.2208100000000002,2740000.0095,1120000.0048,2018-02-28T13:48:55.861000Z
535,1.2207700000000001,1.2208100000000002,1690000.0572,3259999.9905,2018-02-28T13:48:56.409000Z
536,1.22075,1.2207700000000001,1690000.0572,1200000.0477,2018-02-28T13:48:56.719000Z
537,1.2207100000000002,1.2207700000000001,3559999.9428,7010000.2289,2018-02-28T13:48:56.893000Z
538,1.22073,1.22075,1000000.0,1000000.0,2018-02-28T13:48:57.403000Z
539,1.2207100000000002,1.22076,1000000.0,1389999.9857,2018-02-28T13:48:57.722000Z
540,1.2207000000000001,1.2207100000000002,1500000.0,1100000.0238,2018-02-28T13:48:57.828000Z
541,1.2207000000000001,1.22075,6820000.1717,1200000.0477,2018-02-28T13:48:57.986000Z
542,1.2207100000000002,1.22075,1870000.0048,1200000.0477,2018-02-28T13:48:58.538000Z
543,1.2207100000000002,1.22073,1000000.0,5320000.1717,2018-02-28T13:48:59.209000Z
544,1.22069,1.2207100000000002,1000000.0,4119999.8856,2018-02-28T13:48:59.261000Z
545,1.22066,1.22072,3000000.0,8510000.2289,2018-02-28T13:48:59.323000Z
546,1.2206700000000001,1.2207100000000002,4869999.8856,2250000.0,2018-02-28T13:48:59.858000Z
547,1.22069,1.22073,4869999.8856,1570000.0525,2018-02-28T13:49:00.067000Z
548,1.2207000000000001,1.22074,1690000.0572,1100000.0238,2018-02-28T13:49:00.172000Z
549,1.2207100000000002,1.22074,2440000.0572,1100000.0238,2018-02-28T13:49:00.694000Z
550,1.22074,1.22075,3369999.8856,1200000.0477,2018-02-28T13:49:00.747000Z
551,1.22074,1.22079,12449999.8093,1950000.0477,2018-02-28T13:49:00.799000Z
552,1.22075,1.2208,4869999.8856,2319999.9332,2018-02-28T13:49:01.336000Z
553,1.2208,1.2208200000000002,2250000.0,1549999.9523,2018-02-28T13:49:01.681000Z
554,1.22078,1.22083,5059999.9428,3180000.0668,2018-02-28T13:49:01.784000Z
555,1.2208,1.22084,2440000.0572,1570000.0525,2018-02-28T13:49:02.190000Z
556,1.2208200000000002,1.22085,1000000.0,1100000.0238,2018-02-28T13:49:02.400000Z
557,1.2208100000000002,1.22084,1309999.9428,1000000.0,2018-02-28T13:49:02.919000Z
558,1.2208100000000002,1.22085,3190000.0572,1299999.9523,2018-02-28T13:49:04.485000Z
559,1.2208200000000002,1.22085,2250000.0,1950000.0477,2018-02-28T13:49:05.689000Z
560,1.22085,1.2209,2619999.8856,7570000.1717,2018-02-28T13:49:06.047000Z
561,1.22083,1.22086,1000000.0,1500000.0,2018-02-28T13:49:06.354000Z
562,1.2208100000000002,1.22086,1370000.0048,2319999.9332,2018-02-28T13:49:06.900000Z
563,1.2208100000000002,1.22085,1500000.0,1000000.0,2018-02-28T13:49:07.529000Z
564,1.2208100000000002,1.2208700000000001,6559999.9428,1200000.0477,2018-02-28T13:49:07.804000Z
565,1.2208100000000002,1.22086,3259999.9905,1389999.9857,2018-02-28T13:49:07.907000Z
566,1.2208100000000002,1.22085,5440000.0572,1500000.0,2018-02-28T13:49:08.469000Z
567,1.2208200000000002,1.2208700000000001,5250000.0,3819999.9332,2018-02-28T13:49:08.770000Z
568,1.22085,1.2208700000000001,3559999.9428,1870000.0048,2018-02-28T13:49:08.873000Z
569,1.22086,1.2209,1870000.0048,1100000.0238,2018-02-28T13:49:08.978000Z
570,1.2208700000000001,1.2209,1000000.0,1000000.0,2018-02-28T13:49:09.530000Z
571,1.22086,1.2208700000000001,1000000.0,1500000.0,2018-02-28T13:49:10.126000Z
572,1.22086,1.22089,1000000.0,1950000.0477,2018-02-28T13:49:10.230000Z
573,1.22088,1.2209100000000002,4349999.9046,2319999.9332,2018-02-28T13:49:10.814000Z
574,1.2209100000000002,1.22095,1500000.0,3259999.9905,2018-02-28T13:49:10.920000Z
575,1.22093,1.22095,1000000.0,6820000.1717,2018-02-28T13:49:10.972000Z
576,1.2209200000000002,1.22096,1000000.0,11140000.3433,2018-02-28T13:49:11.490000Z
577,1.22089,1.22095,10760000.2289,3069999.9332,2018-02-28T13:49:11.797000Z
578,1.2209200000000002,1.22095,1000000.0,1570000.0525,2018-02-28T13:49:12.160000Z
579,1.2209100000000002,1.22095,1000000.0,3069999.9332,2018-02-28T13:49:12.962000Z
580,1.22095,1.22096,1000000.0,1200000.0477,2018-02-28T13:49:13.323000Z
581,1.22096,1.22098,1120000.0048,1000000.0,2018-02-28T13:49:13.378000Z
582,1.22094,1.22098,1500000.0,3940000.0572,2018-02-28T13:49:13.671000Z
583,1.22093,1.22096,1120000.0048,1389999.9857,2018-02-28T13:49:14.514000Z
584,1.22093,1.22095,1000000.0,1120000.0048,2018-02-28T13:49:15.061000Z
585,1.2209100000000002,1.22094,1000000.0,1000000.0,2018-02-28T13:49:15.168000Z
586,1.2209100000000002,1.22093,3000000.0,1000000.0,2018-02-28T13:49:16.538000Z
587,1.2209200000000002,1.22094,1000000.0,1000000.0,2018-02-28T13:49:17.085000Z
588,1.2209100000000002,1.22096,2250000.0,1100000.0238,2018-02-28T13:49:17.307000Z
589,1.2209100000000002,1.22095,6190000.0572,1000000.0,2018-02-28T13:49:17.817000Z
590,1.2209100000000002,1.22095,1250000.0,1950000.0477,2018-02-28T13:49:18.366000Z
591,1.2209200000000002,1.22096,1000000.0,1679999.9475,2018-02-28T13:49:18.870000Z
592,1.2209100000000002,1.22096,1309999.9428,3930000.0668,2018-02-28T13:49:19.652000Z
593,1.2209100000000002,1.22096,1690000.0572,2799999.9523,2018-02-28T13:49:20.478000Z
594,1.22093,1.22098,1870000.0048,5800000.1907,2018-02-28T13:49:20.836000Z
595,1.22094,1.22097,1000000.0,4500000.0,2018-02-28T13:49:21.373000Z
596,1.22093,1.22097,2809999.9428,2250000.0,2018-02-28T13:49:22.310000Z
597,1.22095,1.22097,1000000.0,1070000.0525,2018-02-28T13:49:22.618000Z
598,1.22093,1.22097,2250000.0,1120000.0048,2018-02-28T13:49:22.670000Z
599,1.22095,1.22097,1190000.0572,1120000.0048,2018-02-28T13:49:23.368000Z
600,1.22099,1.2210200000000002,3559999.9428,4199999.8093,2018-02-28T13:49:23.523000Z
601,1.2210200000000002,1.22105,1690000.0572,4760000.2289,2018-02-28T13:49:23.576000Z
602,1.2210100000000002,1.22106,3190000.0572,1299999.9523,2018-02-28T13:49:23.680000Z
603,1.2210400000000001,1.22107,1000000.0,4199999.8093,2018-02-28T13:49:24.182000Z
604,1.22103,1.22105,1120000.0048,1000000.0,2018-02-28T13:49:24.700000Z
605,1.2210400000000001,1.22108,1000000.0,3819999.9332,2018-02-28T13:49:24.906000Z
606,1.2210400000000001,1.22106,1250000.0,1000000.0,2018-02-28T13:49:25.455000Z
607,1.2210200000000002,1.22106,3000000.0,3819999.9332,2018-02-28T13:49:25.661000Z
608,1.2210200000000002,1.2210400000000001,1000000.0,1000000.0,2018-02-28T13:49:26.261000Z
609,1.22105,1.22106,3000000.0,3519999.9809,2018-02-28T13:49:26.314000Z
610,1.2210400000000001,1.22108,2440000.0572,1870000.0048,2018-02-28T13:49:26.419000Z
611,1.22103,1.22106,5059999.9428,1000000.0,2018-02-28T13:49:26.472000Z
612,1.22103,1.22106,1000000.0,2250000.0,2018-02-28T13:49:26.989000Z
613,1.2210400000000001,1.22106,1000000.0,1950000.0477,2018-02-28T13:49:27.775000Z
614,1.22103,1.22106,1000000.0,2329999.9237,2018-02-28T13:49:28.349000Z
615,1.22103,1.22106,1000000.0,6079999.9237,2018-02-28T13:49:28.894000Z
616,1.22103,1.22106,1000000.0,1470000.0286,2018-02-28T13:49:30.110000Z
617,1.2210400000000001,1.22106,1000000.0,1950000.0477,2018-02-28T13:49:30.661000Z
618,1.2210200000000002,1.22106,1120000.0048,3450000.0477,2018-02-28T13:49:31.277000Z
619,1.221,1.22103,5250000.0,2619999.8856,2018-02-28T13:49:32.223000Z
620,1.221,1.22103,1870000.0048,1100000.0238,2018-02-28T13:49:32.449000Z
621,1.22103,1.22105,1000000.0,1120000.0048,2018-02-28T13:49:32.501000Z
622,1.2210400000000001,1.22106,1120000.0048,1950000.0477,2018-02-28T13:49:33.049000Z
623,1.2210400000000001,1.22107,1120000.0048,2700000.0477,2018-02-28T13:49:33.152000Z
624,1.22103,1.22107,1500000.0,3069999.9332,2018-02-28T13:49:33.675000Z
625,1.2210200000000002,1.22106,5320000.1717,1950000.0477,2018-02-28T13:49:34.207000Z
626,1.221,1.22103,8699999.8093,1000000.0,2018-02-28T13:49:34.833000Z
627,1.2210100000000002,1.22105,2509999.9905,1500000.0,2018-02-28T13:49:35.026000Z
628,1.2210200000000002,1.22105,1000000.0,1500000.0,2018-02-28T13:49:35.913000Z
629,1.2210200000000002,1.22105,1000000.0,1200000.0477,2018-02-28T13:49:36.421000Z
630,1.2210100000000002,1.22105,4760000.2289,1950000.0477,2018-02-28T13:49:36.930000Z
631,1.22099,1.221,2059999.9428,1000000.0,2018-02-28T13:49:39.815000Z
632,1.22097,1.22099,1120000.0048,1000000.0,2018-02-28T13:49:39.869000Z
633,1.22096,1.221,4199999.8093,7199999.8093,2018-02-28T13:49:40.384000Z
634,1.22096,1.221,1870000.0048,2319999.9332,2018-02-28T13:49:42.541000Z
635,1.22098,1.221,1500000.0,1570000.0525,2018-02-28T13:49:43.895000Z
636,1.22097,1.2210100000000002,4949999.8093,1950000.0477,2018-02-28T13:49:44.482000Z
637,1.221,1.2210200000000002,1049999.9523,4570000.1717,2018-02-28T13:49:44.805000Z
638,1.2210200000000002,1.22105,1000000.0,1500000.0,2018-02-28T13:49:44.912000Z
639,1.2210200000000002,1.22106,3369999.8856,6820000.1717,2018-02-28T13:49:45.069000Z
640,1.2210400000000001,1.22106,1500000.0,1570000.0525,2018-02-28T13:49:45.555000Z
641,1.22107,1.22109,1500000.0,7760000.2289,2018-02-28T13:49:45.608000Z
642,1.22105,1.22109,1500000.0,3819999.9332,2018-02-28T13:49:46.027000Z
643,1.22105,1.22107,1000000.0,1100000.0238,2018-02-28T13:49:46.080000Z
644,1.22107,1.2211,1500000.0,3450000.0477,2018-02-28T13:49:46.392000Z
645,1.22105,1.2211,2440000.0572,3640000.1049,2018-02-28T13:49:46.496000Z
646,1.22105,1.2211,2890000.1049,3259999.9905,2018-02-28T13:49:47.027000Z
647,1.22107,1.22109,1500000.0,1000000.0,2018-02-28T13:49:47.234000Z
648,1.22107,1.2211100000000001,4119999.8856,1570000.0525,2018-02-28T13:49:47.753000Z
649,1.22109,1.2211200000000002,9189999.5804,1950000.0477,2018-02-28T13:49:48.102000Z
650,1.22109,1.22115,20500000.0,6449999.8093,2018-02-28T13:49:48.309000Z
651,1.2211,1.22113,1870000.0048,1200000.0477,2018-02-28T13:49:49.377000Z
652,1.22108,1.2211100000000001,3000000.0,3069999.9332,2018-02-28T13:49:49.480000Z
653,1.22106,1.2211,3450000.0477,1570000.0525,2018-02-28T13:49:49.990000Z
654,1.22107,1.2211100000000001,1000000.0,5510000.2289,2018-02-28T13:49:50.962000Z
655,1.22106,1.2211100000000001,7010000.2289,2140000.1049,2018-02-28T13:49:51.587000Z
656,1.22107,1.2211100000000001,1000000.0,5510000.2289,2018-02-28T13:49:52.641000Z
657,1.22107,1.2211,1000000.0,1000000.0,2018-02-28T13:49:53.718000Z
658,1.22107,1.2211100000000001,1000000.0,2509999.9905,2018-02-28T13:49:54.252000Z
659,1.22103,1.22107,2890000.1049,1070000.0525,2018-02-28T13:49:54.570000Z
660,1.22105,1.22109,5059999.9428,3819999.9332,2018-02-28T13:49:54.758000Z
661,1.2210400000000001,1.22107,3940000.0572,1500000.0,2018-02-28T13:49:55.584000Z
662,1.2210400000000001,1.22107,1870000.0048,1570000.0525,2018-02-28T13:49:56.101000Z
663,1.22103,1.22107,4199999.8093,1570000.0525,2018-02-28T13:49:56.616000Z
664,1.2210400000000001,1.22108,1870000.0048,2319999.9332,2018-02-28T13:49:56.875000Z
665,1.22103,1.22106,1370000.0048,1000000.0,2018-02-28T13:49:56.980000Z
666,1.22103,1.22106,1309999.9428,4119999.8856,2018-02-28T13:49:57.511000Z
667,1.2210100000000002,1.22106,9260000.2289,10569999.6948,2018-02-28T13:49:59.107000Z
668,1.2210200000000002,1.22106,4500000.0,4570000.1717,2018-02-28T13:49:59.737000Z
669,1.2210100000000002,1.22106,11140000.3433,1570000.0525,2018-02-28T13:50:00.378000Z
670,1.2210200000000002,1.22106,5250000.0,4199999.8093,2018-02-28T13:50:00.904000Z
671,1.22103,1.22106,1000000.0,1200000.0477,2018-02-28T13:50:01.697000Z
672,1.2210400000000001,1.22106,2250000.0,1200000.0477,2018-02-28T13:50:02.214000Z
673,1.22103,1.22107,5619999.8856,3450000.0477,2018-02-28T13:50:02.772000Z
674,1.2210400000000001,1.22107,1000000.0,1950000.0477,2018-02-28T13:50:03.324000Z
675,1.22106,1.22107,3000000.0,1100000.0238,2018-02-28T13:50:04.192000Z
676,1.22107,1.2211,1000000.0,3450000.0477,2018-02-28T13:50:04.294000Z
677,1.22109,1.2211200000000002,2250000.0,1570000.0525,2018-02-28T13:50:04.552000Z
678,1.22109,1.2211400000000001,2619999.8856,7199999.8093,2018-02-28T13:50:05.064000Z
679,1.2211100000000001,1.2211400000000001,4500000.0,2319999.9332,2018-02-28T13:50:05.221000Z
680,1.2211100000000001,1.22115,3369999.8856,1100000.0238,2018-02-28T13:50:05.274000Z
681,1.22113,1.22116,1500000.0,1950000.0477,2018-02-28T13:50:07.242000Z
682,1.2211,1.2211400000000001,7199999.8093,1000000.0,2018-02-28T13:50:07.741000Z
683,1.22108,1.2211,2619999.8856,1100000.0238,2018-02-28T13:50:08.048000Z
684,1.22109,1.2211100000000001,3000000.0,1120000.0048,2018-02-28T13:50:08.956000Z
685,1.22106,1.2211,6260000.2289,2250000.0,2018-02-28T13:50:09.059000Z
686,1.22106,1.22108,1570000.0525,1000000.0,2018-02-28T13:50:09.111000Z
687,1.22103,1.22107,2250000.0,1100000.0238,2018-02-28T13:50:09.277000Z
688,1.2210200000000002,1.22107,6750000.0,2700000.0477,2018-02-28T13:50:09.430000Z
689,1.2210200000000002,1.22106,3819999.9332,1000000.0,2018-02-28T13:50:10.066000Z
690,1.2210200000000002,1.22106,1100000.0238,1200000.0477,2018-02-28T13:50:10.573000Z
691,1.2210400000000001,1.22107,11060000.4196,1950000.0477,2018-02-28T13:50:11.568000Z
692,1.22106,1.22108,1120000.0048,3069999.9332,2018-02-28T13:50:11.620000Z
693,1.22107,1.2211,1000000.0,1120000.0048,2018-02-28T13:50:11.724000Z
694,1.22109,1.2211,1500000.0,1000000.0,2018-02-28T13:50:12.032000Z
695,1.22109,1.22113,1120000.0048,7309999.9428,2018-02-28T13:50:12.083000Z
696,1.22108,1.2211100000000001,2250000.0,1000000.0,2018-02-28T13:50:12.841000Z
697,1.22109,1.2211200000000002,1000000.0,3450000.0477,2018-02-28T13:50:13.428000Z
698,1.22109,1.2211100000000001,1000000.0,1250000.0,2018-02-28T13:50:13.956000Z
699,1.2211,1.22113,3190000.0572,1200000.0477,2018-02-28T13:50:14.061000Z
700,1.2211200000000002,1.2211400000000001,2809999.9428,1000000.0,2018-02-28T13:50:14.113000Z
701,1.22113,1.22116,1000000.0,2140000.1049,2018-02-28T13:50:14.165000Z
702,1.2211100000000001,1.22115,4199999.8093,1190000.0572,2018-02-28T13:50:14.720000Z
703,1.2211100000000001,1.22116,5510000.2289,1259999.9905,2018-02-28T13:50:14.772000Z
704,1.2211100000000001,1.22116,3640000.1049,6130000.1144,2018-02-28T13:50:15.470000Z
705,1.2211200000000002,1.22116,10569999.6948,1250000.0,2018-02-28T13:50:16.009000Z
706,1.2211200000000002,1.22117,2509999.9905,2319999.9332,2018-02-28T13:50:16.619000Z
707,1.2211200000000002,1.22116,2140000.1049,1309999.9428,2018-02-28T13:50:19.136000Z
708,1.2211200000000002,1.2211400000000001,3559999.9428,1000000.0,2018-02-28T13:50:19.347000Z
709,1.2211200000000002,1.22116,2059999.9428,1100000.0238,2018-02-28T13:50:19.466000Z
710,1.2211200000000002,1.22116,4760000.2289,1950000.0477,2018-02-28T13:50:19.986000Z
711,1.2211200000000002,1.22117,3640000.1049,8140000.3433,2018-02-28T13:50:20.593000Z
712,1.22116,1.22119,1370000.0048,5019999.9809,2018-02-28T13:50:20.697000Z
713,1.22117,1.2212100000000001,1000000.0,6070000.1717,2018-02-28T13:50:20.800000Z
714,1.22117,1.2212100000000001,1000000.0,1950000.0477,2018-02-28T13:50:21.333000Z
715,1.22116,1.22119,5250000.0,1000000.0,2018-02-28T13:50:21.694000Z
716,1.22116,1.2212,1000000.0,1570000.0525,2018-02-28T13:50:22.221000Z
717,1.22116,1.22118,1000000.0,1000000.0,2018-02-28T13:50:22.535000Z
718,1.2211200000000002,1.22116,4949999.8093,1950000.0477,2018-02-28T13:50:22.778000Z
719,1.2211200000000002,1.22116,3000000.0,3450000.0477,2018-02-28T13:50:23.383000Z
720,1.2211200000000002,1.22115,1750000.0,1000000.0,2018-02-28T13:50:23.931000Z
721,1.2211200000000002,1.22116,1120000.0048,3259999.9905,2018-02-28T13:50:24.652000Z
722,1.2211200000000002,1.22116,1120000.0048,2140000.1049,2018-02-28T13:50:25.187000Z
723,1.2211200000000002,1.22116,1200000.0477,2319999.9332,2018-02-28T13:50:25.692000Z
724,1.2211200000000002,1.22117,2140000.1049,5139999.8665,2018-02-28T13:50:25.845000Z
725,1.2211200000000002,1.22116,5139999.8665,3000000.0,2018-02-28T13:50:26.952000Z
726,1.22113,1.22117,1000000.0,4199999.8093,2018-02-28T13:50:27.454000Z
727,1.22113,1.22115,1690000.0572,1049999.9523,2018-02-28T13:50:28.773000Z
728,1.22109,1.22113,4119999.8856,7010000.2289,2018-02-28T13:50:28.879000Z
729,1.2211,1.2211200000000002,1500000.0,1500000.0,2018-02-28T13:50:29.036000Z
730,1.2211100000000001,1.22115,1200000.0477,3259999.9905,2018-02-28T13:50:29.094000Z
731,1.2211200000000002,1.22116,1870000.0048,4940000.0572,2018-02-28T13:50:29.435000Z
732,1.2211200000000002,1.22117,1470000.0286,5510000.2289,2018-02-28T13:50:29.995000Z
733,1.2211200000000002,1.22115,3450000.0477,2250000.0,2018-02-28T13:50:30.659000Z
734,1.2211200000000002,1.22116,1200000.0477,2250000.0,2018-02-28T13:50:31.252000Z
735,1.2211200000000002,1.22115,4949999.8093,1000000.0,2018-02-28T13:50:31.890000Z
736,1.2211200000000002,1.22115,5139999.8665,1000000.0,2018-02-28T13:50:32.731000Z
737,1.2211200000000002,1.22117,2890000.1049,4989999.7711,2018-02-28T13:50:33.333000Z
738,1.2211200000000002,1.22117,1470000.0286,4050000.1907,2018-02-28T13:50:34.056000Z
739,1.2211200000000002,1.22116,4949999.8093,2250000.0,2018-02-28T13:50:35.289000Z
740,1.2211200000000002,1.22117,2859999.8951,4610000.1335,2018-02-28T13:50:35.831000Z
741,1.2211200000000002,1.22117,1950000.0477,4050000.1907,2018-02-28T13:50:38.837000Z
742,1.2211200000000002,1.22117,2319999.9332,2920000.0763,2018-02-28T13:50:39.359000Z
743,1.2211200000000002,1.22116,4010000.2289,4010000.2289,2018-02-28T13:50:40.504000Z
744,1.22115,1.22116,1000000.0,3750000.0,2018-02-28T13:50:41.176000Z
745,1.22117,1.2212100000000001,1309999.9428,6900000.0954,2018-02-28T13:50:41.282000Z
746,1.22118,1.2212200000000002,1250000.0,1389999.9857,2018-02-28T13:50:41.783000Z
747,1.22118,1.2212200000000002,1250000.0,1389999.9857,2018-02-28T13:50:42.458000Z
748,1.22118,1.2212200000000002,1309999.9428,1289999.9619,2018-02-28T13:50:43.053000Z
749,1.22119,1.2212200000000002,1000000.0,4760000.2289,2018-02-28T13:50:43.931000Z
750,1.2212200000000002,1.22123,3750000.0,3819999.9332,2018-02-28T13:50:44.598000Z
751,1.2212200000000002,1.2212500000000002,4500000.0,1500000.0,2018-02-28T13:50:44.652000Z
752,1.2212200000000002,1.22126,1500000.0,5139999.8665,2018-02-28T13:50:45.184000Z
753,1.2212100000000001,1.22123,1950000.0477,1000000.0,2018-02-28T13:50:45.237000Z
754,1.2212200000000002,1.22124,1000000.0,2059999.9428,2018-02-28T13:50:45.392000Z
755,1.2212200000000002,1.22123,1000000.0,1000000.0,2018-02-28T13:50:46.004000Z
756,1.2212200000000002,1.2212500000000002,1120000.0048,3069999.9332,2018-02-28T13:50:46.056000Z
757,1.2212200000000002,1.22126,7010000.2289,1610000.0143,2018-02-28T13:50:46.582000Z
758,1.2212100000000001,1.22124,9819999.6948,1000000.0,2018-02-28T13:50:47.419000Z
759,1.2212200000000002,1.22126,2250000.0,1759999.9905,2018-02-28T13:50:47.910000Z
760,1.22124,1.22127,1000000.0,1570000.0525,2018-02-28T13:50:48.416000Z
761,1.22126,1.22129,4500000.0,1950000.0477,2018-02-28T13:50:48.468000Z
762,1.22126,1.22127,1690000.0572,2619999.8856,2018-02-28T13:50:49.207000Z
763,1.2212500000000002,1.22128,1690000.0572,1610000.0143,2018-02-28T13:50:49.261000Z
764,1.2212500000000002,1.22127,1250000.0,4389999.8665,2018-02-28T13:50:49.366000Z
765,1.22123,1.22127,2509999.9905,4050000.1907,2018-02-28T13:50:49.903000Z
766,1.2212500000000002,1.22127,1250000.0,3259999.9905,2018-02-28T13:50:50.836000Z
767,1.22124,1.22127,1690000.0572,3640000.1049,2018-02-28T13:50:51.676000Z
768,1.2212500000000002,1.22127,1000000.0,1950000.0477,2018-02-28T13:50:52.295000Z
769,1.22126,1.22129,1309999.9428,2509999.9905,2018-02-28T13:50:52.484000Z
770,1.22127,1.2213,4309999.9428,1500000.0,2018-02-28T13:50:52.638000Z
771,1.22129,1.2213100000000001,1309999.9428,1009999.9905,2018-02-28T13:50:52.689000Z
772,1.22129,1.2213200000000002,1309999.9428,8359999.6567,2018-02-28T13:50:53.199000Z
773,1.22128,1.2213200000000002,1309999.9428,6110000.1335,2018-02-28T13:50:53.746000Z
774,1.22129,1.2213200000000002,1250000.0,5739999.7711,2018-02-28T13:50:54.382000Z
775,1.22128,1.2213100000000001,2059999.9428,1000000.0,2018-02-28T13:50:55.096000Z
776,1.2213,1.2213200000000002,1120000.0048,1100000.0238,2018-02-28T13:50:55.640000Z
777,1.2213100000000001,1.22134,1690000.0572,1759999.9905,2018-02-28T13:50:56.159000Z
778,1.2213,1.22134,1309999.9428,2140000.1049,2018-02-28T13:50:56.696000Z
779,1.2213,1.22133,2809999.9428,1500000.0,2018-02-28T13:50:57.206000Z
780,1.22133,1.22136,1000000.0,6000000.0,2018-02-28T13:50:57.717000Z
781,1.22134,1.22137,1120000.0048,1250000.0,2018-02-28T13:50:57.990000Z
782,1.22133,1.2213500000000002,3000000.0,3369999.8856,2018-02-28T13:50:58.093000Z
783,1.2213200000000002,1.2213500000000002,1870000.0048,1120000.0048,2018-02-28T13:50:58.198000Z
784,1.22133,1.2213500000000002,1000000.0,1870000.0048,2018-02-28T13:50:58.714000Z
785,1.2213200000000002,1.2213500000000002,2059999.9428,1200000.0477,2018-02-28T13:50:59.329000Z
786,1.2213200000000002,1.22134,2059999.9428,1000000.0,2018-02-28T13:50:59.876000Z
787,1.2213200000000002,1.2213500000000002,1309999.9428,1950000.0477,2018-02-28T13:51:00.438000Z
788,1.22133,1.2213500000000002,1120000.0048,1200000.0477,2018-02-28T13:51:00.989000Z
789,1.22134,1.22137,3000000.0,4389999.8665,2018-02-28T13:51:01.906000Z
790,1.22134,1.22138,3000000.0,5320000.1717,2018-02-28T13:51:01.959000Z
791,1.2213500000000002,1.22138,3000000.0,1500000.0,2018-02-28T13:51:02.612000Z
792,1.22136,1.22139,1500000.0,2700000.0477,2018-02-28T13:51:03.718000Z
793,1.22136,1.22137,1000000.0,1000000.0,2018-02-28T13:51:04.120000Z
794,1.2213500000000002,1.22137,1500000.0,1000000.0,2018-02-28T13:51:04.443000Z
795,1.22134,1.22138,3750000.0,4760000.2289,2018-02-28T13:51:05.086000Z
796,1.22136,1.22139,2509999.9905,3069999.9332,2018-02-28T13:51:05.597000Z
797,1.22136,1.2214,1309999.9428,3450000.0477,2018-02-28T13:51:06.152000Z
798,1.22138,1.2214200000000002,3000000.0,3450000.0477,2018-02-28T13:51:06.514000Z
799,1.2214200000000002,1.22146,1120000.0048,2769999.9809,2018-02-28T13:51:06.721000Z
800,1.2214200000000002,1.2214500000000001,1309999.9428,1000000.0,2018-02-28T13:51:07.385000Z
801,1.22144,1.22147,1250000.0,5699999.8093,2018-02-28T13:51:07.829000Z
802,1.22143,1.22147,1000000.0,4010000.2289,2018-02-28T13:51:08.355000Z
803,1.22143,1.22147,1000000.0,4010000.2289,2018-02-28T13:51:08.859000Z
804,1.22146,1.22148,4500000.0,1000000.0,2018-02-28T13:51:09.169000Z
805,1.22146,1.2215,3750000.0,6489999.7711,2018-02-28T13:51:09.272000Z
806,1.22146,1.22149,5250000.0,1120000.0048,2018-02-28T13:51:09.812000Z
807,1.22146,1.22147,1000000.0,1000000.0,2018-02-28T13:51:10.224000Z
808,1.2214500000000001,1.22148,4690000.0572,1000000.0,2018-02-28T13:51:10.871000Z
809,1.2214500000000001,1.22149,11140000.3433,1200000.0477,2018-02-28T13:51:11.438000Z
810,1.22146,1.22148,6070000.1717,1000000.0,2018-02-28T13:51:12.033000Z
811,1.22146,1.22149,7570000.1717,1570000.0525,2018-02-28T13:51:12.541000Z
812,1.22144,1.22146,1250000.0,8699999.8093,2018-02-28T13:51:12.855000Z
813,1.22143,1.22144,1000000.0,1120000.0048,2018-02-28T13:51:13.166000Z
814,1.22143,1.2214500000000001,1250000.0,1759999.9905,2018-02-28T13:51:13.688000Z
815,1.2214,1.22141,5440000.0572,1200000.0477,2018-02-28T13:51:14.050000Z
816,1.22138,1.22139,1500000.0,1500000.0,2018-02-28T13:51:14.156000Z
817,1.2213500000000002,1.22137,6000000.0,1309999.9428,2018-02-28T13:51:14.262000Z
818,1.2213100000000001,1.22133,1389999.9857,3369999.8856,2018-02-28T13:51:14.427000Z
819,1.2213,1.2213200000000002,1250000.0,2809999.9428,2018-02-28T13:51:14.481000Z
820,1.22129,1.2213200000000002,1000000.0,7800000.1907,2018-02-28T13:51:15.002000Z
821,1.2213,1.2213100000000001,1000000.0,1000000.0,2018-02-28T13:51:16.446000Z
822,1.22129,1.2213200000000002,1000000.0,2700000.0477,2018-02-28T13:51:16.980000Z
823,1.22129,1.2213200000000002,1000000.0,1570000.0525,2018-02-28T13:51:17.238000Z
824,1.22129,1.22133,1000000.0,4570000.1717,2018-02-28T13:51:17.800000Z
825,1.2213100000000001,1.22133,1000000.0,1200000.0477,2018-02-28T13:51:18.249000Z
826,1.2213200000000002,1.2213500000000002,4199999.8093,1570000.0525,2018-02-28T13:51:18.354000Z
827,1.2213100000000001,1.22133,1000000.0,4119999.8856,2018-02-28T13:51:18.806000Z
828,1.22128,1.2213,1250000.0,8020000.4578,2018-02-28T13:51:19.115000Z
829,1.22126,1.22129,1000000.0,5320000.1717,2018-02-28T13:51:20.085000Z
830,1.2212500000000002,1.22129,7199999.8093,4869999.8856,2018-02-28T13:51:21.435000Z
831,1.22128,1.2213,1250000.0,1570000.0525,2018-02-28T13:51:22.142000Z
832,1.22128,1.22129,1000000.0,1000000.0,2018-02-28T13:51:22.746000Z
833,1.22128,1.2213,1000000.0,1500000.0,2018-02-28T13:51:23.328000Z
834,1.22129,1.2213200000000002,1000000.0,5699999.8093,2018-02-28T13:51:25.628000Z
835,1.2213100000000001,1.22133,1000000.0,3450000.0477,2018-02-28T13:51:25.679000Z
836,1.2213200000000002,1.22136,2250000.0,1870000.0048,2018-02-28T13:51:25.833000Z
837,1.22133,1.22137,1500000.0,8319999.6948,2018-02-28T13:51:26.544000Z
838,1.2213500000000002,1.22137,3750000.0,1500000.0,2018-02-28T13:51:26.596000Z
839,1.22138,1.2214200000000002,4869999.8856,3069999.9332,2018-02-28T13:51:26.804000Z
840,1.22139,1.2214200000000002,1250000.0,2329999.9237,2018-02-28T13:51:26.971000Z
841,1.22139,1.2214,1250000.0,1000000.0,2018-02-28T13:51:27.821000Z
842,1.22139,1.22141,1250000.0,2319999.9332,2018-02-28T13:51:28.359000Z
843,1.22139,1.2214,1250000.0,1000000.0,2018-02-28T13:51:29.353000Z
844,1.22139,1.22141,1250000.0,1200000.0477,2018-02-28T13:51:29.861000Z
845,1.22139,1.2214200000000002,1250000.0,1759999.9905,2018-02-28T13:51:30.399000Z
846,1.22139,1.22141,1250000.0,3109999.8951,2018-02-28T13:51:30.713000Z
847,1.22139,1.22141,1250000.0,4760000.2289,2018-02-28T13:51:31.912000Z
848,1.22139,1.22141,1250000.0,1120000.0048,2018-02-28T13:51:32.524000Z
849,1.22139,1.22141,1250000.0,1309999.9428,2018-02-28T13:51:33.558000Z
850,1.22139,1.22141,1250000.0,1250000.0,2018-02-28T13:51:34.125000Z
851,1.22139,1.2214,1250000.0,1000000.0,2018-02-28T13:51:34.673000Z
852,1.22139,1.22141,1250000.0,1000000.0,2018-02-28T13:51:35.205000Z
853,1.22139,1.2214,1250000.0,1000000.0,2018-02-28T13:51:35.743000Z
854,1.22139,1.2214200000000002,1250000.0,4429999.8283,2018-02-28T13:51:36.097000Z
855,1.22137,1.22139,2619999.8856,2099999.9046,2018-02-28T13:51:36.427000Z
856,1.2213100000000001,1.22133,1000000.0,7050000.1907,2018-02-28T13:51:36.744000Z
857,1.22129,1.2213100000000001,1000000.0,1120000.0048,2018-02-28T13:51:36.960000Z
858,1.2212500000000002,1.2213,9640000.3433,1000000.0,2018-02-28T13:51:37.310000Z
859,1.22129,1.2213100000000001,1250000.0,5550000.1907,2018-02-28T13:51:37.413000Z
860,1.22129,1.2213200000000002,1250000.0,26809999.4659,2018-02-28T13:51:38.072000Z
861,1.22126,1.2213,1309999.9428,1500000.0,2018-02-28T13:51:38.318000Z
862,1.22129,1.2213100000000001,1000000.0,6300000.1907,2018-02-28T13:51:38.369000Z
863,1.22129,1.2213100000000001,1000000.0,5550000.1907,2018-02-28T13:51:38.876000Z
864,1.22129,1.2213100000000001,1000000.0,5550000.1907,2018-02-28T13:51:39.379000Z
865,1.22129,1.2213,1000000.0,1000000.0,2018-02-28T13:51:39.961000Z
866,1.22129,1.2213100000000001,1250000.0,5920000.0763,2018-02-28T13:51:40.700000Z
867,1.22129,1.2213,1250000.0,1000000.0,2018-02-28T13:51:41.247000Z
868,1.22124,1.22127,2700000.0477,2250000.0,2018-02-28T13:51:41.785000Z
869,1.2212500000000002,1.22127,1000000.0,8510000.2289,2018-02-28T13:51:41.991000Z
870,1.2212500000000002,1.22127,1000000.0,7119999.8856,2018-02-28T13:51:42.621000Z
871,1.2212500000000002,1.22127,1250000.0,2319999.9332,2018-02-28T13:51:43.252000Z
872,1.2212500000000002,1.22126,1000000.0,1500000.0,2018-02-28T13:51:44.658000Z
873,1.22126,1.22127,1000000.0,2619999.8856,2018-02-28T13:51:45.344000Z
874,1.22128,1.22129,1250000.0,1250000.0,2018-02-28T13:51:45.656000Z
875,1.22127,1.2213100000000001,1000000.0,9819999.6948,2018-02-28T13:51:45.709000Z
876,1.22127,1.2213,1000000.0,2250000.0,2018-02-28T13:51:46.783000Z
877,1.22128,1.2213200000000002,1500000.0,7949999.8093,2018-02-28T13:51:47.356000Z
878,1.22128,1.2213100000000001,1000000.0,4880000.1144,2018-02-28T13:51:48.534000Z
879,1.22127,1.22129,1000000.0,3259999.9905,2018-02-28T13:51:49.061000Z
880,1.2212500000000002,1.22127,1250000.0,3450000.0477,2018-02-28T13:51:49.276000Z
881,1.22124,1.22126,1000000.0,1100000.0238,2018-02-28T13:51:49.793000Z
882,1.2212500000000002,1.22128,1000000.0,4840000.1526,2018-02-28T13:51:52.728000Z
883,1.2212500000000002,1.22126,1000000.0,1000000.0,2018-02-28T13:51:53.156000Z
884,1.22123,1.22126,3369999.8856,1200000.0477,2018-02-28T13:51:54.366000Z
885,1.22126,1.22128,1000000.0,1570000.0525,2018-02-28T13:51:54.759000Z
886,1.22126,1.22129,1250000.0,2250000.0,2018-02-28T13:51:54.812000Z
887,1.22126,1.2213,3369999.8856,1200000.0477,2018-02-28T13:51:55.315000Z
888,1.22126,1.22129,4869999.8856,1000000.0,2018-02-28T13:51:56.073000Z
889,1.22126,1.2213,4119999.8856,1200000.0477,2018-02-28T13:51:56.651000Z
890,1.22127,1.2213,4690000.0572,1120000.0048,2018-02-28T13:51:58.432000Z
891,1.2213,1.22133,1000000.0,4570000.1717,2018-02-28T13:51:58.536000Z
892,1.22129,1.22133,2700000.0477,3450000.0477,2018-02-28T13:51:59.037000Z
893,1.22134,1.2213500000000002,5250000.0,1000000.0,2018-02-28T13:51:59.575000Z
894,1.22134,1.22137,5250000.0,1120000.0048,2018-02-28T13:51:59.627000Z
895,1.22134,1.22139,6559999.9428,4199999.8093,2018-02-28T13:51:59.782000Z
896,1.22137,1.2214,1000000.0,2319999.9332,2018-02-28T13:52:00.075000Z
897,1.22138,1.22141,1000000.0,1870000.0048,2018-02-28T13:52:00.232000Z
898,1.22139,1.22141,1000000.0,2250000.0,2018-02-28T13:52:01.175000Z
899,1.22136,1.22139,2890000.1049,1000000.0,2018-02-28T13:52:01.430000Z
900,1.22136,1.2214,5889999.8665,3000000.0,2018-02-28T13:52:02.066000Z
901,1.22137,1.22139,2509999.9905,1000000.0,2018-02-28T13:52:02.607000Z
902,1.22139,1.2214,1500000.0,1000000.0,2018-02-28T13:52:04.429000Z
903,1.22141,1.22144,2250000.0,1870000.0048,2018-02-28T13:52:04.638000Z
904,1.22143,1.2214500000000001,1250000.0,1000000.0,2018-02-28T13:52:04.845000Z
905,1.2214200000000002,1.22144,1120000.0048,1100000.0238,2018-02-28T13:52:05.361000Z
906,1.2214200000000002,1.22144,1250000.0,3440000.0572,2018-02-28T13:52:06.344000Z
907,1.2214200000000002,1.2214500000000001,3559999.9428,1500000.0,2018-02-28T13:52:06.654000Z
908,1.2214500000000001,1.22147,1500000.0,3819999.9332,2018-02-28T13:52:06.756000Z
909,1.22143,1.22146,2440000.0572,1120000.0048,2018-02-28T13:52:06.858000Z
910,1.2214200000000002,1.22144,1250000.0,1500000.0,2018-02-28T13:52:06.989000Z
911,1.22139,1.2214,1250000.0,1000000.0,2018-02-28T13:52:07.299000Z
912,1.22138,1.2214200000000002,2809999.9428,1000000.0,2018-02-28T13:52:07.504000Z
913,1.22138,1.2214200000000002,6000000.0,1870000.0048,2018-02-28T13:52:08.021000Z
914,1.22141,1.22144,1690000.0572,3519999.9809,2018-02-28T13:52:08.282000Z
915,1.2214,1.22143,3750000.0,1000000.0,2018-02-28T13:52:08.792000Z
916,1.22141,1.22146,5059999.9428,4010000.2289,2018-02-28T13:52:09.473000Z
917,1.22144,1.22147,1870000.0048,2390000.1049,2018-02-28T13:52:09.888000Z
918,1.22147,1.22149,2059999.9428,4119999.8856,2018-02-28T13:52:10.216000Z
919,1.2214500000000001,1.22146,1000000.0,1000000.0,2018-02-28T13:52:10.528000Z
920,1.22146,1.22148,1690000.0572,3640000.1049,2018-02-28T13:52:11.045000Z
921,1.22146,1.22148,1000000.0,1870000.0048,2018-02-28T13:52:11.719000Z
922,1.22144,1.22148,3450000.0477,3750000.0,2018-02-28T13:52:12.019000Z
923,1.22144,1.22147,1000000.0,4579999.9237,2018-02-28T13:52:12.071000Z
924,1.22146,1.22148,1000000.0,1000000.0,2018-02-28T13:52:12.380000Z
925,1.22146,1.22149,4500000.0,1500000.0,2018-02-28T13:52:12.884000Z
926,1.22146,1.2215,4500000.0,6070000.1717,2018-02-28T13:52:13.529000Z
927,1.22147,1.22149,1000000.0,2619999.8856,2018-02-28T13:52:14.316000Z
928,1.22146,1.22148,1000000.0,3750000.0,2018-02-28T13:52:14.760000Z
929,1.22144,1.22146,7869999.8856,1000000.0,2018-02-28T13:52:15.074000Z
930,1.22144,1.22147,1309999.9428,1120000.0048,2018-02-28T13:52:15.635000Z
931,1.22149,1.2215,3220000.0286,3069999.9332,2018-02-28T13:52:16.073000Z
932,1.2215500000000001,1.22157,1500000.0,1000000.0,2018-02-28T13:52:16.229000Z
933,1.2215600000000002,1.22159,1870000.0048,1500000.0,2018-02-28T13:52:16.489000Z
934,1.22154,1.2215799999999999,2809999.9428,1000000.0,2018-02-28T13:52:17.089000Z
935,1.2215200000000002,1.22157,1500000.0,1200000.0477,2018-02-28T13:52:17.347000Z
936,1.22153,1.2215799999999999,11619999.8856,2319999.9332,2018-02-28T13:52:17.777000Z
937,1.2215799999999999,1.2216200000000002,1690000.0572,2509999.9905,2018-02-28T13:52:18.108000Z
938,1.22159,1.2216200000000002,2250000.0,1690000.0572,2018-02-28T13:52:18.314000Z
939,1.2215799999999999,1.22163,2250000.0,3450000.0477,2018-02-28T13:52:19.331000Z
940,1.2215799999999999,1.22161,1000000.0,2250000.0,2018-02-28T13:52:19.766000Z
941,1.22154,1.22157,1000000.0,2059999.9428,2018-02-28T13:52:20.077000Z
942,1.22154,1.2215500000000001,1000000.0,1500000.0,2018-02-28T13:52:20.408000Z
943,1.22154,1.2215500000000001,1000000.0,1500000.0,2018-02-28T13:52:20.970000Z
944,1.22154,1.2215600000000002,1000000.0,1500000.0,2018-02-28T13:52:21.693000Z
945,1.2215500000000001,1.22157,1000000.0,3750000.0,2018-02-28T13:52:22.088000Z
946,1.2215600000000002,1.2216,1500000.0,5889999.8665,2018-02-28T13:52:22.193000Z
947,1.2215500000000001,1.2216,3190000.0572,3259999.9905,2018-02-28T13:52:24.332000Z
948,1.22157,1.22161,4309999.9428,1000000.0,2018-02-28T13:52:24.611000Z
949,1.22157,1.2215799999999999,1250000.0,1000000.0,2018-02-28T13:52:24.921000Z
950,1.2215600000000002,1.22161,5889999.8665,5210000.0381,2018-02-28T13:52:25.465000Z
951,1.2215600000000002,1.22161,1500000.0,7760000.2289,2018-02-28T13:52:28.140000Z
952,1.22157,1.22161,1000000.0,7760000.2289,2018-02-28T13:52:28.717000Z
953,1.2215600000000002,1.22161,3450000.0477,5139999.8665,2018-02-28T13:52:29.674000Z
954,1.22157,1.2216,1100000.0238,2250000.0,2018-02-28T13:52:30.321000Z
955,1.2215799999999999,1.22161,1120000.0048,1120000.0048,2018-02-28T13:52:31.303000Z
956,1.2215600000000002,1.22161,3750000.0,3259999.9905,2018-02-28T13:52:31.597000Z
957,1.22157,1.22161,1470000.0286,1009999.9905,2018-02-28T13:52:31.649000Z
958,1.2215600000000002,1.2216,3000000.0,1870000.0048,2018-02-28T13:52:32.063000Z
959,1.2215600000000002,1.22161,3640000.1049,3000000.0,2018-02-28T13:52:32.587000Z
960,1.2215500000000001,1.22157,1100000.0238,1500000.0,2018-02-28T13:52:33.890000Z
961,1.22153,1.2215600000000002,1000000.0,3000000.0,2018-02-28T13:52:34.097000Z
962,1.2215200000000002,1.2215600000000002,1120000.0048,1000000.0,2018-02-28T13:52:34.612000Z
963,1.22153,1.2215500000000001,1000000.0,5059999.9428,2018-02-28T13:52:35.087000Z
964,1.22149,1.22151,1000000.0,1120000.0048,2018-02-28T13:52:35.484000Z
965,1.22147,1.22149,1500000.0,2809999.9428,2018-02-28T13:52:35.536000Z
966,1.22146,1.22149,2319999.9332,1570000.0525,2018-02-28T13:52:35.588000Z
967,1.22146,1.22148,1000000.0,1370000.0048,2018-02-28T13:52:36.448000Z
968,1.2214500000000001,1.22146,1000000.0,1500000.0,2018-02-28T13:52:36.552000Z
969,1.22144,1.22147,1120000.0048,3450000.0477,2018-02-28T13:52:37.067000Z
970,1.2214500000000001,1.2215,1500000.0,4949999.8093,2018-02-28T13:52:37.569000Z
971,1.2214500000000001,1.22149,3819999.9332,1950000.0477,2018-02-28T13:52:38.104000Z
972,1.2214500000000001,1.2215,3640000.1049,6639999.8665,2018-02-28T13:52:39.027000Z
973,1.22146,1.2215,1870000.0048,3750000.0,2018-02-28T13:52:39.537000Z
974,1.22146,1.22149,1870000.0048,1000000.0,2018-02-28T13:52:40.230000Z
975,1.22146,1.2215,2059999.9428,1000000.0,2018-02-28T13:52:40.745000Z
976,1.22146,1.22149,2059999.9428,1000000.0,2018-02-28T13:52:41.256000Z
977,1.22146,1.22149,1250000.0,12600000.3815,2018-02-28T13:52:41.656000Z
978,1.2214500000000001,1.22147,1000000.0,3640000.1049,2018-02-28T13:52:41.762000Z
979,1.22144,1.22146,1250000.0,1570000.0525,2018-02-28T13:52:42.301000Z
980,1.22144,1.22146,1250000.0,2319999.9332,2018-02-28T13:52:43.131000Z
981,1.22144,1.22146,1250000.0,3450000.0477,2018-02-28T13:52:43.706000Z
982,1.2214500000000001,1.22147,1250000.0,2619999.8856,2018-02-28T13:52:44.505000Z
983,1.22144,1.22147,1690000.0572,1690000.0572,2018-02-28T13:52:45.586000Z
984,1.22146,1.22149,1000000.0,1870000.0048,2018-02-28T13:52:45.851000Z
985,1.22144,1.22146,1250000.0,1759999.9905,2018-02-28T13:52:46.168000Z
986,1.22144,1.2214500000000001,1250000.0,1000000.0,2018-02-28T13:52:46.703000Z
987,1.22144,1.22146,1250000.0,1759999.9905,2018-02-28T13:52:47.385000Z
988,1.22144,1.2214500000000001,1250000.0,1000000.0,2018-02-28T13:52:47.949000Z
989,1.22144,1.22146,1250000.0,2740000.0095,2018-02-28T13:52:48.484000Z
990,1.22144,1.22146,1250000.0,1909999.9666,2018-02-28T13:52:49.029000Z
991,1.22144,1.2214500000000001,1250000.0,1000000.0,2018-02-28T13:52:50.257000Z
992,1.22144,1.22146,1250000.0,2289999.9619,2018-02-28T13:52:50.955000Z
993,1.22144,1.22146,1250000.0,1149999.9762,2018-02-28T13:52:53.907000Z
994,1.2214200000000002,1.22143,1759999.9905,1350000.0238,2018-02-28T13:52:54.742000Z
995,1.2214200000000002,1.22146,1250000.0,1950000.0477,2018-02-28T13:52:54.998000Z
996,1.2214200000000002,1.22143,1250000.0,1000000.0,2018-02-28T13:52:55.321000Z
997,1.2214,1.22143,1250000.0,6150000.0954,2018-02-28T13:52:55.526000Z
998,1.22139,1.22141,1250000.0,2210000.0381,2018-02-28T13:52:55.832000Z
999,1.22139,1.22141,1250000.0,1000000.0,2018-02-28T13:52:56.619000Z
1000,1.2214,1.2214200000000002,1250000.0,9069999.6948,2018-02-28T13:52:57.369000Z
1001,1.2214,1.2214200000000002,1250000.0,9449999.8093,2018-02-28T13:52:58.450000Z
1002,1.2214,1.2214200000000002,1250000.0,8699999.8093,2018-02-28T13:52:59.078000Z
1003,1.22139,1.2214200000000002,1250000.0,9069999.6948,2018-02-28T13:52:59.646000Z
1004,1.2214,1.2214200000000002,1250000.0,1389999.9857,2018-02-28T13:53:00.307000Z
1005,1.22141,1.22143,1500000.0,4199999.8093,2018-02-28T13:53:01.122000Z
1006,1.2214500000000001,1.22147,1870000.0048,1500000.0,2018-02-28T13:53:01.457000Z
1007,1.2214500000000001,1.22149,4690000.0572,1190000.0572,2018-02-28T13:53:01.875000Z
1008,1.22146,1.2215,1690000.0572,1309999.9428,2018-02-28T13:53:02.383000Z
1009,1.22146,1.22151,3190000.0572,2470000.0286,2018-02-28T13:53:02.821000Z
1010,1.22147,1.22149,1000000.0,1000000.0,2018-02-28T13:53:02.976000Z
1011,1.22147,1.2215,1000000.0,1000000.0,2018-02-28T13:53:03.487000Z
1012,1.2215200000000002,1.2215600000000002,6750000.0,1500000.0,2018-02-28T13:53:03.805000Z
1013,1.22151,1.2215500000000001,2619999.8856,2250000.0,2018-02-28T13:53:03.910000Z
1014,1.22153,1.22157,1309999.9428,6070000.1717,2018-02-28T13:53:04.119000Z
1015,1.22154,1.22157,1250000.0,2319999.9332,2018-02-28T13:53:04.665000Z
1016,1.22153,1.22157,2059999.9428,6369999.8856,2018-02-28T13:53:05.181000Z
1017,1.2215600000000002,1.2215799999999999,1870000.0048,3069999.9332,2018-02-28T13:53:05.338000Z
1018,1.2215799999999999,1.22161,2809999.9428,1809999.9428,2018-02-28T13:53:05.538000Z
1019,1.2215799999999999,1.22161,1870000.0048,1250000.0,2018-02-28T13:53:06.053000Z
1020,1.2215799999999999,1.22163,3369999.8856,4579999.9237,2018-02-28T13:53:06.564000Z
1021,1.22161,1.22164,3559999.9428,2509999.9905,2018-02-28T13:53:06.667000Z
1022,1.22161,1.2216200000000002,1120000.0048,1000000.0,2018-02-28T13:53:07.026000Z
1023,1.22159,1.22161,1309999.9428,1000000.0,2018-02-28T13:53:07.129000Z
1024,1.22157,1.22159,2819999.9332,1120000.0048,2018-02-28T13:53:07.571000Z
1025,1.2215600000000002,1.2215799999999999,1250000.0,1950000.0477,2018-02-28T13:53:09.595000Z
1026,1.2215600000000002,1.22159,1250000.0,3640000.1049,2018-02-28T13:53:10.105000Z
1027,1.2215600000000002,1.22159,1250000.0,3640000.1049,2018-02-28T13:53:10.620000Z
1028,1.2215500000000001,1.22157,1250000.0,1250000.0,2018-02-28T13:53:11.165000Z
1029,1.22154,1.2215600000000002,1000000.0,2250000.0,2018-02-28T13:53:11.708000Z
1030,1.22154,1.2215600000000002,1000000.0,2250000.0,2018-02-28T13:53:12.504000Z
1031,1.22153,1.2215600000000002,1250000.0,1690000.0572,2018-02-28T13:53:12.657000Z
1032,1.22153,1.2215500000000001,1250000.0,8319999.6948,2018-02-28T13:53:13.059000Z
1033,1.22153,1.2215500000000001,1500000.0,3819999.9332,2018-02-28T13:53:15.184000Z
1034,1.22151,1.22154,4389999.8665,1940000.0572,2018-02-28T13:53:19.309000Z
1035,1.2215,1.22153,1000000.0,3450000.0477,2018-02-28T13:53:19.414000Z
1036,1.22151,1.22154,1000000.0,3069999.9332,2018-02-28T13:53:19.571000Z
1037,1.22151,1.2215600000000002,2809999.9428,3259999.9905,2018-02-28T13:53:19.780000Z
1038,1.22153,1.2215500000000001,1950000.0477,1000000.0,2018-02-28T13:53:19.960000Z
1039,1.22153,1.22157,1690000.0572,1250000.0,2018-02-28T13:53:20.065000Z
1040,1.22154,1.2215799999999999,1950000.0477,4570000.1717,2018-02-28T13:53:20.168000Z
1041,1.22154,1.22157,1950000.0477,1500000.0,2018-02-28T13:53:20.680000Z
1042,1.22154,1.22157,1250000.0,8250000.0,2018-02-28T13:53:21.216000Z
1043,1.22154,1.2215600000000002,1250000.0,1000000.0,2018-02-28T13:53:21.735000Z
1044,1.22154,1.22157,10390000.3433,4500000.0,2018-02-28T13:53:22.380000Z
1045,1.22154,1.22157,1120000.0048,5619999.8856,2018-02-28T13:53:23.053000Z
1046,1.22154,1.22157,1000000.0,6750000.0,2018-02-28T13:53:23.612000Z
1047,1.22154,1.2215600000000002,1000000.0,2250000.0,2018-02-28T13:53:24.211000Z
1048,1.2215200000000002,1.22154,1950000.0477,1120000.0048,2018-02-28T13:53:24.317000Z
1049,1.22151,1.22153,1000000.0,2619999.8856,2018-02-28T13:53:24.423000Z
1050,1.2215,1.22151,1250000.0,2250000.0,2018-02-28T13:53:24.948000Z
1051,1.22149,1.22151,1250000.0,4500000.0,2018-02-28T13:53:25.498000Z
1052,1.22148,1.22151,1450000.0477,5250000.0,2018-02-28T13:53:26.581000Z
1053,1.22148,1.22151,1200000.0477,2440000.0572,2018-02-28T13:53:27.096000Z
1054,1.22149,1.22151,1000000.0,2250000.0,2018-02-28T13:53:27.549000Z
1055,1.22148,1.2215,1450000.0477,1120000.0048,2018-02-28T13:53:28.061000Z
1056,1.22146,1.22148,1250000.0,1120000.0048,2018-02-28T13:53:28.271000Z
1057,1.22147,1.2215,1950000.0477,1870000.0048,2018-02-28T13:53:28.733000Z
1058,1.22149,1.22151,2140000.1049,1000000.0,2018-02-28T13:53:29.265000Z
1059,1.22148,1.22151,2319999.9332,1120000.0048,2018-02-28T13:53:31.224000Z
1060,1.22149,1.22151,1250000.0,1690000.0572,2018-02-28T13:53:31.737000Z
1061,1.22148,1.22149,1759999.9905,1000000.0,2018-02-28T13:53:32.396000Z
1062,1.22146,1.22147,2250000.0,1000000.0,2018-02-28T13:53:34.638000Z
1063,1.22146,1.22148,1000000.0,4119999.8856,2018-02-28T13:53:35.180000Z
1064,1.22141,1.22143,2250000.0,18370000.8392,2018-02-28T13:53:35.491000Z
1065,1.22138,1.22139,1000000.0,1500000.0,2018-02-28T13:53:35.542000Z
1066,1.2213500000000002,1.22136,1950000.0477,1690000.0572,2018-02-28T13:53:35.688000Z
1067,1.2213200000000002,1.22134,1500000.0,1000000.0,2018-02-28T13:53:35.740000Z
1068,1.22134,1.22136,1200000.0477,1000000.0,2018-02-28T13:53:35.842000Z
1069,1.2213200000000002,1.22136,1120000.0048,1500000.0,2018-02-28T13:53:36.246000Z
1070,1.2213100000000001,1.2213500000000002,1870000.0048,1500000.0,2018-02-28T13:53:37.533000Z
1071,1.22134,1.2213500000000002,1000000.0,1000000.0,2018-02-28T13:53:38.083000Z
1072,1.22138,1.2214,1500000.0,4500000.0,2018-02-28T13:53:38.287000Z
1073,1.22136,1.2214,2440000.0572,2250000.0,2018-02-28T13:53:38.339000Z
1074,1.22136,1.2214,1500000.0,2250000.0,2018-02-28T13:53:38.845000Z
1075,1.22136,1.2214,1100000.0238,1100000.0238,2018-02-28T13:53:40.935000Z
1076,1.22139,1.2214200000000002,2619999.8856,3450000.0477,2018-02-28T13:53:41.196000Z
1077,1.2214200000000002,1.2214500000000001,1120000.0048,1690000.0572,2018-02-28T13:53:41.368000Z
1078,1.2214200000000002,1.22146,4199999.8093,1120000.0048,2018-02-28T13:53:41.899000Z
1079,1.2214200000000002,1.2214500000000001,7199999.8093,1000000.0,2018-02-28T13:53:42.925000Z
1080,1.22146,1.22147,1870000.0048,1950000.0477,2018-02-28T13:53:43.133000Z
1081,1.22147,1.2215,1870000.0048,2250000.0,2018-02-28T13:53:43.186000Z
1082,1.22146,1.22151,3940000.0572,3450000.0477,2018-02-28T13:53:45.367000Z
1083,1.22146,1.2215,4010000.2289,1000000.0,2018-02-28T13:53:45.924000Z
1084,1.22146,1.22151,4010000.2289,2509999.9905,2018-02-28T13:53:46.712000Z
1085,1.22147,1.22151,1009999.9905,2970000.0286,2018-02-28T13:53:47.233000Z
1086,1.2214500000000001,1.22147,2140000.1049,1000000.0,2018-02-28T13:53:49.081000Z
1087,1.22144,1.22148,1950000.0477,1570000.0525,2018-02-28T13:53:49.462000Z
1088,1.2214500000000001,1.22149,1000000.0,2700000.0477,2018-02-28T13:53:51.159000Z
1089,1.22146,1.22149,1000000.0,1000000.0,2018-02-28T13:53:51.717000Z
1090,1.22146,1.2215,1370000.0048,1000000.0,2018-02-28T13:53:52.229000Z
1091,1.22146,1.22151,2619999.8856,5320000.1717,2018-02-28T13:53:52.771000Z
1092,1.22146,1.2215,2809999.9428,1019999.9809,2018-02-28T13:53:53.294000Z
1093,1.22146,1.2215,3000000.0,1590000.0334,2018-02-28T13:53:53.845000Z
1094,1.22146,1.22149,4690000.0572,1690000.0572,2018-02-28T13:53:54.709000Z
1095,1.22144,1.22147,4199999.8093,3369999.8856,2018-02-28T13:53:54.866000Z
1096,1.22143,1.22146,1870000.0048,2440000.0572,2018-02-28T13:53:55.363000Z
1097,1.2214200000000002,1.22146,4570000.1717,6079999.9237,2018-02-28T13:53:55.900000Z
1098,1.2214200000000002,1.22146,2700000.0477,1500000.0,2018-02-28T13:53:59.555000Z
1099,1.2214200000000002,1.22146,4760000.2289,1500000.0,2018-02-28T13:54:00.099000Z
1100,1.22146,1.22148,1690000.0572,1100000.0238,2018-02-28T13:54:00.599000Z
1101,1.22148,1.2215,1000000.0,1500000.0,2018-02-28T13:54:00.653000Z
1102,1.22149,1.2215200000000002,4119999.8856,5059999.9428,2018-02-28T13:54:00.847000Z
1103,1.2215,1.22154,4760000.2289,3750000.0,2018-02-28T13:54:00.900000Z
1104,1.22151,1.22154,2440000.0572,1440000.0572,2018-02-28T13:54:01.438000Z
1105,1.22151,1.2215500000000001,1570000.0525,1690000.0572,2018-02-28T13:54:01.920000Z
1106,1.22151,1.22154,8510000.2289,1250000.0,2018-02-28T13:54:02.462000Z
1107,1.22151,1.2215500000000001,4389999.8665,1309999.9428,2018-02-28T13:54:03.133000Z
1108,1.22151,1.22153,2319999.9332,2440000.0572,2018-02-28T13:54:04.108000Z
1109,1.22147,1.2215,1100000.0238,1250000.0,2018-02-28T13:54:04.267000Z
1110,1.22146,1.22149,5139999.8665,1000000.0,2018-02-28T13:54:05.060000Z
1111,1.22144,1.22148,3069999.9332,1500000.0,2018-02-28T13:54:05.609000Z
1112,1.22144,1.22147,5320000.1717,1000000.0,2018-02-28T13:54:06.121000Z
1113,1.22144,1.22148,3069999.9332,2250000.0,2018-02-28T13:54:06.635000Z
1114,1.22144,1.22147,3069999.9332,1000000.0,2018-02-28T13:54:07.349000Z
1115,1.22144,1.22146,6449999.8093,1000000.0,2018-02-28T13:54:07.859000Z
1116,1.22144,1.22147,2700000.0477,1000000.0,2018-02-28T13:54:08.416000Z
1117,1.22144,1.22146,6449999.8093,1000000.0,2018-02-28T13:54:10.057000Z
1118,1.22144,1.22148,2700000.0477,2809999.9428,2018-02-28T13:54:10.612000Z
1119,1.22144,1.22148,5320000.1717,3319999.9332,2018-02-28T13:54:10.664000Z
1120,1.22144,1.22148,3069999.9332,2809999.9428,2018-02-28T13:54:11.211000Z
1121,1.22144,1.22148,3450000.0477,2440000.0572,2018-02-28T13:54:11.785000Z
1122,1.2214500000000001,1.22148,1200000.0477,2809999.9428,2018-02-28T13:54:12.323000Z
1123,1.22144,1.22147,6070000.1717,1500000.0,2018-02-28T13:54:14.774000Z
1124,1.22146,1.22147,1100000.0238,1500000.0,2018-02-28T13:54:16.305000Z
1125,1.22146,1.2215,3259999.9905,5510000.2289,2018-02-28T13:54:16.358000Z
1126,1.2215,1.22151,4119999.8856,4119999.8856,2018-02-28T13:54:16.413000Z
1127,1.2215,1.22153,5619999.8856,1370000.0048,2018-02-28T13:54:16.467000Z
1128,1.2215200000000002,1.2215500000000001,1570000.0525,3940000.0572,2018-02-28T13:54:16.520000Z
1129,1.2215200000000002,1.2215500000000001,1570000.0525,3190000.0572,2018-02-28T13:54:16.573000Z
1130,1.2215200000000002,1.22153,1200000.0477,1000000.0,2018-02-28T13:54:17.423000Z
1131,1.22147,1.2215200000000002,3819999.9332,4690000.0572,2018-02-28T13:54:17.631000Z
1132,1.22148,1.2215200000000002,1570000.0525,4119999.8856,2018-02-28T13:54:18.779000Z
1133,1.22148,1.22151,1100000.0238,1120000.0048,2018-02-28T13:54:19.303000Z
1134,1.22146,1.22149,5889999.8665,1000000.0,2018-02-28T13:54:19.720000Z
1135,1.22144,1.22147,1570000.0525,3750000.0,2018-02-28T13:54:19.877000Z
1136,1.2214200000000002,1.22146,1450000.0477,2250000.0,2018-02-28T13:54:20.406000Z
1137,1.2214200000000002,1.2214500000000001,1389999.9857,4690000.0572,2018-02-28T13:54:20.613000Z
1138,1.2214200000000002,1.2214500000000001,1200000.0477,2059999.9428,2018-02-28T13:54:21.129000Z
1139,1.2214200000000002,1.2214500000000001,1389999.9857,2250000.0,2018-02-28T13:54:23.443000Z
1140,1.22143,1.22146,2509999.9905,1500000.0,2018-02-28T13:54:23.779000Z
1141,1.22143,1.2214500000000001,7760000.2289,1000000.0,2018-02-28T13:54:24.320000Z
1142,1.22144,1.22146,1309999.9428,1250000.0,2018-02-28T13:54:24.831000Z
1143,1.22144,1.2214500000000001,1309999.9428,1000000.0,2018-02-28T13:54:25.357000Z
1144,1.22143,1.22148,8510000.2289,5059999.9428,2018-02-28T13:54:25.611000Z
1145,1.22148,1.22151,1500000.0,4010000.2289,2018-02-28T13:54:25.714000Z
1146,1.2215,1.22153,1870000.0048,3190000.0572,2018-02-28T13:54:25.919000Z
1147,1.22151,1.2215500000000001,4690000.0572,6000000.0,2018-02-28T13:54:26.310000Z
1148,1.22153,1.2215600000000002,1100000.0238,3000000.0,2018-02-28T13:54:26.464000Z
1149,1.22153,1.2215600000000002,1950000.0477,1120000.0048,2018-02-28T13:54:26.568000Z
1150,1.22153,1.2215600000000002,1570000.0525,1309999.9428,2018-02-28T13:54:26.671000Z
1151,1.22153,1.22157,1200000.0477,2059999.9428,2018-02-28T13:54:28.575000Z
1152,1.2215200000000002,1.22154,6260000.2289,1000000.0,2018-02-28T13:54:29.925000Z
1153,1.2215,1.2215200000000002,1000000.0,5250000.0,2018-02-28T13:54:30.082000Z
1154,1.22147,1.22148,1200000.0477,1000000.0,2018-02-28T13:54:30.135000Z
1155,1.22143,1.2214500000000001,1100000.0238,1000000.0,2018-02-28T13:54:30.189000Z
1156,1.2214200000000002,1.22143,2890000.1049,1000000.0,2018-02-28T13:54:30.345000Z
1157,1.2214200000000002,1.2214500000000001,1759999.9905,1690000.0572,2018-02-28T13:54:30.880000Z
1158,1.2214500000000001,1.22147,1500000.0,4769999.9809,2018-02-28T13:54:31.632000Z
1159,1.22144,1.22146,1570000.0525,1000000.0,2018-02-28T13:54:31.684000Z
1160,1.22141,1.2214500000000001,4760000.2289,1120000.0048,2018-02-28T13:54:32.030000Z
1161,1.2214200000000002,1.2214500000000001,1009999.9905,2440000.0572,2018-02-28T13:54:33.087000Z
1162,1.2214200000000002,1.22146,1759999.9905,1120000.0048,2018-02-28T13:54:33.344000Z
1163,1.2214200000000002,1.22146,2140000.1049,6559999.9428,2018-02-28T13:54:33.914000Z
1164,1.22141,1.22146,5139999.8665,1309999.9428,2018-02-28T13:54:34.574000Z
1165,1.22141,1.2214500000000001,7010000.2289,1000000.0,2018-02-28T13:54:35.306000Z
1166,1.22141,1.22143,1570000.0525,2619999.8856,2018-02-28T13:54:35.979000Z
1167,1.2214200000000002,1.2214500000000001,1950000.0477,1120000.0048,2018-02-28T13:54:36.207000Z
1168,1.2214200000000002,1.22144,1950000.0477,1000000.0,2018-02-28T13:54:36.724000Z
1169,1.22141,1.2214500000000001,4760000.2289,4309999.9428,2018-02-28T13:54:37.030000Z
1170,1.22141,1.22143,2890000.1049,1000000.0,2018-02-28T13:54:38.222000Z
1171,1.22141,1.2214500000000001,1950000.0477,1309999.9428,2018-02-28T13:54:38.379000Z
1172,1.22141,1.22144,2319999.9332,1000000.0,2018-02-28T13:54:38.956000Z
1173,1.22141,1.2214500000000001,1950000.0477,1120000.0048,2018-02-28T13:54:39.634000Z
1174,1.22141,1.22144,9640000.3433,1000000.0,2018-02-28T13:54:40.218000Z
1175,1.2214200000000002,1.22147,3069999.9332,7500000.0,2018-02-28T13:54:40.270000Z
1176,1.22146,1.22147,1500000.0,5619999.8856,2018-02-28T13:54:40.323000Z
1177,1.22147,1.2215,2319999.9332,1690000.0572,2018-02-28T13:54:40.466000Z
1178,1.22147,1.22149,1759999.9905,1000000.0,2018-02-28T13:54:40.984000Z
1179,1.22147,1.22151,1759999.9905,2059999.9428,2018-02-28T13:54:41.036000Z
1180,1.22147,1.22151,1570000.0525,1309999.9428,2018-02-28T13:54:41.088000Z
1181,1.22146,1.2215,6639999.8665,2440000.0572,2018-02-28T13:54:41.192000Z
1182,1.2214500000000001,1.22148,1759999.9905,1250000.0,2018-02-28T13:54:41.296000Z
1183,1.2214500000000001,1.22149,1200000.0477,3000000.0,2018-02-28T13:54:41.839000Z
1184,1.2214500000000001,1.22149,1200000.0477,2059999.9428,2018-02-28T13:54:43.292000Z
1185,1.2214500000000001,1.22148,2140000.1049,1190000.0572,2018-02-28T13:54:43.600000Z
1186,1.2214500000000001,1.22148,1200000.0477,1690000.0572,2018-02-28T13:54:44.146000Z
1187,1.22144,1.22147,1690000.0572,1500000.0,2018-02-28T13:54:44.471000Z
1188,1.22143,1.22147,3450000.0477,1500000.0,2018-02-28T13:54:45.178000Z
1189,1.22143,1.22147,1759999.9905,7309999.9428,2018-02-28T13:54:45.487000Z
1190,1.2214,1.22143,10010000.2289,1500000.0,2018-02-28T13:54:45.981000Z
1191,1.22137,1.2214,1570000.0525,1500000.0,2018-02-28T13:54:46.186000Z
1192,1.22139,1.2214200000000002,1070000.0525,2619999.8856,2018-02-28T13:54:46.289000Z
1193,1.22139,1.22143,1070000.0525,4309999.9428,2018-02-28T13:54:46.340000Z
1194,1.22139,1.22143,1389999.9857,4309999.9428,2018-02-28T13:54:47.011000Z
1195,1.22139,1.22143,1100000.0238,4309999.9428,2018-02-28T13:54:47.710000Z
1196,1.22139,1.2214200000000002,1570000.0525,1870000.0048,2018-02-28T13:54:48.250000Z
1197,1.22138,1.22143,4570000.1717,3640000.1049,2018-02-28T13:54:48.999000Z
1198,1.22139,1.22141,1009999.9905,2250000.0,2018-02-28T13:54:49.313000Z
1199,1.22137,1.2214,2890000.1049,1120000.0048,2018-02-28T13:54:49.701000Z
1200,1.22137,1.22141,1570000.0525,1690000.0572,2018-02-28T13:54:50.510000Z
1201,1.22137,1.22141,6260000.2289,4119999.8856,2018-02-28T13:54:52.107000Z
1202,1.22139,1.2214200000000002,1320000.0525,1120000.0048,2018-02-28T13:54:52.625000Z
1203,1.22139,1.2214200000000002,1950000.0477,1309999.9428,2018-02-28T13:54:54.164000Z
1204,1.22139,1.2214200000000002,3259999.9905,1000000.0,2018-02-28T13:54:54.698000Z
1205,1.22141,1.22144,1500000.0,2250000.0,2018-02-28T13:54:54.750000Z
1206,1.2214200000000002,1.22146,1100000.0238,1500000.0,2018-02-28T13:54:55.266000Z
1207,1.22144,1.22147,1500000.0,1120000.0048,2018-02-28T13:54:55.319000Z
1208,1.22144,1.22148,2890000.1049,2440000.0572,2018-02-28T13:54:55.854000Z
1209,1.22143,1.22147,8510000.2289,1000000.0,2018-02-28T13:54:56.836000Z
1210,1.22144,1.22148,1070000.0525,2809999.9428,2018-02-28T13:54:57.373000Z
1211,1.22143,1.2214500000000001,1950000.0477,1000000.0,2018-02-28T13:54:57.741000Z
1212,1.2214200000000002,1.2214500000000001,1470000.0286,2619999.8856,2018-02-28T13:54:57.793000Z
1213,1.22141,1.22144,4389999.8665,2059999.9428,2018-02-28T13:54:57.897000Z
1214,1.22139,1.22141,1250000.0,1690000.0572,2018-02-28T13:54:58.227000Z
1215,1.22138,1.22141,1100000.0238,1000000.0,2018-02-28T13:54:58.330000Z
1216,1.22138,1.22141,1759999.9905,1190000.0572,2018-02-28T13:54:58.936000Z
1217,1.22138,1.22141,1100000.0238,1250000.0,2018-02-28T13:54:59.477000Z
1218,1.22138,1.22141,1759999.9905,1309999.9428,2018-02-28T13:55:00.225000Z
1219,1.22137,1.2214,1389999.9857,3190000.0572,2018-02-28T13:55:00.727000Z
1220,1.22136,1.2214,1570000.0525,1250000.0,2018-02-28T13:55:01.274000Z
1221,1.22136,1.22139,1950000.0477,1000000.0,2018-02-28T13:55:02.055000Z
1222,1.22136,1.2214,1450000.0477,1120000.0048,2018-02-28T13:55:02.565000Z
1223,1.22136,1.22139,1450000.0477,1000000.0,2018-02-28T13:55:03.071000Z
1224,1.2213500000000002,1.22136,1000000.0,1000000.0,2018-02-28T13:55:03.483000Z
1225,1.22133,1.22136,1950000.0477,1120000.0048,2018-02-28T13:55:03.589000Z
1226,1.2213100000000001,1.22133,6820000.1717,1000000.0,2018-02-28T13:55:03.713000Z
1227,1.22126,1.2213100000000001,3259999.9905,5440000.0572,2018-02-28T13:55:03.819000Z
1228,1.22127,1.22128,1000000.0,1000000.0,2018-02-28T13:55:04.336000Z
1229,1.22126,1.22129,1200000.0477,2619999.8856,2018-02-28T13:55:04.866000Z
1230,1.22126,1.2213100000000001,4389999.8665,3940000.0572,2018-02-28T13:55:05.173000Z
1231,1.2213,1.2213500000000002,1759999.9905,5320000.1717,2018-02-28T13:55:05.699000Z
1232,1.2213,1.2213500000000002,3259999.9905,4760000.2289,2018-02-28T13:55:05.751000Z
1233,1.2213100000000001,1.22133,1009999.9905,1000000.0,2018-02-28T13:55:06.124000Z
1234,1.22129,1.2213200000000002,1200000.0477,2440000.0572,2018-02-28T13:55:06.333000Z
1235,1.22128,1.2213100000000001,1070000.0525,1500000.0,2018-02-28T13:55:06.940000Z
1236,1.2213,1.22134,1570000.0525,1000000.0,2018-02-28T13:55:07.350000Z
1237,1.2213,1.2213100000000001,2140000.1049,1500000.0,2018-02-28T13:55:07.771000Z
1238,1.22126,1.22128,3069999.9332,2809999.9428,2018-02-28T13:55:07.875000Z
1239,1.22128,1.2213100000000001,1000000.0,2250000.0,2018-02-28T13:55:07.927000Z
1240,1.22126,1.22128,1759999.9905,1870000.0048,2018-02-28T13:55:08.252000Z
1241,1.2212100000000001,1.22123,1200000.0477,1500000.0,2018-02-28T13:55:08.356000Z
1242,1.2212200000000002,1.22124,1070000.0525,1000000.0,2018-02-28T13:55:08.765000Z
1243,1.2212200000000002,1.2212500000000002,1070000.0525,2809999.9428,2018-02-28T13:55:09.277000Z
1244,1.2212100000000001,1.22124,4570000.1717,1000000.0,2018-02-28T13:55:10.095000Z
1245,1.22126,1.22128,1000000.0,1570000.0525,2018-02-28T13:55:10.369000Z
1246,1.22126,1.2213,1570000.0525,4119999.8856,2018-02-28T13:55:10.422000Z
1247,1.22126,1.2213,1759999.9905,2809999.9428,2018-02-28T13:55:10.935000Z
1248,1.22128,1.2213200000000002,1000000.0,5440000.0572,2018-02-28T13:55:11.276000Z
1249,1.22123,1.2212500000000002,7010000.2289,3250000.0,2018-02-28T13:55:11.777000Z
1250,1.2212,1.2212100000000001,1500000.0,2250000.0,2018-02-28T13:55:11.831000Z
1251,1.22117,1.22119,1690000.0572,3000000.0,2018-02-28T13:55:11.935000Z
1252,1.22116,1.2212100000000001,2319999.9332,4389999.8665,2018-02-28T13:55:12.454000Z
1253,1.22116,1.2212100000000001,2140000.1049,4760000.2289,2018-02-28T13:55:12.965000Z
1254,1.22119,1.2212200000000002,1000000.0,1200000.0477,2018-02-28T13:55:13.474000Z
1255,1.2212,1.2212500000000002,1950000.0477,4690000.0572,2018-02-28T13:55:13.580000Z
1256,1.2212100000000001,1.2212500000000002,1000000.0,8439999.5804,2018-02-28T13:55:14.312000Z
1257,1.22123,1.22127,4570000.1717,3369999.8856,2018-02-28T13:55:14.844000Z
1258,1.2212200000000002,1.22127,1950000.0477,3750000.0,2018-02-28T13:55:15.055000Z
1259,1.2212200000000002,1.22127,1009999.9905,6190000.0572,2018-02-28T13:55:15.598000Z
1260,1.22124,1.22128,1100000.0238,3259999.9905,2018-02-28T13:55:16.973000Z
1261,1.2212200000000002,1.22127,1389999.9857,5059999.9428,2018-02-28T13:55:17.130000Z
1262,1.2212200000000002,1.22127,1100000.0238,8810000.4196,2018-02-28T13:55:17.898000Z
1263,1.22123,1.22127,1100000.0238,1000000.0,2018-02-28T13:55:19.501000Z
1264,1.22126,1.22129,2509999.9905,1000000.0,2018-02-28T13:55:19.606000Z
1265,1.22127,1.2213200000000002,1389999.9857,3559999.9428,2018-02-28T13:55:20.112000Z
1266,1.22127,1.2213200000000002,1700000.0477,4199999.8093,2018-02-28T13:55:20.623000Z
1267,1.22127,1.2213200000000002,1950000.0477,3559999.9428,2018-02-28T13:55:21.339000Z
1268,1.22127,1.2213100000000001,2319999.9332,1000000.0,2018-02-28T13:55:23.501000Z
1269,1.22127,1.22129,1100000.0238,1000000.0,2018-02-28T13:55:23.555000Z
1270,1.2212500000000002,1.2213,4949999.8093,6559999.9428,2018-02-28T13:55:24.231000Z
1271,1.2212500000000002,1.2213,6449999.8093,5809999.9428,2018-02-28T13:55:24.740000Z
1272,1.2212500000000002,1.22129,7199999.8093,3750000.0,2018-02-28T13:55:25.325000Z
1273,1.22127,1.22128,1000000.0,1120000.0048,2018-02-28T13:55:26.305000Z
1274,1.2212500000000002,1.22127,1570000.0525,2440000.0572,2018-02-28T13:55:26.461000Z
1275,1.2212200000000002,1.22126,3819999.9332,2250000.0,2018-02-28T13:55:26.565000Z
1276,1.2212200000000002,1.22126,6070000.1717,2250000.0,2018-02-28T13:55:27.089000Z
1277,1.22124,1.22127,1200000.0477,1870000.0048,2018-02-28T13:55:29.560000Z
