,bid,ask,bid_vol,ask_vol,time
0,1.24664,1.24666,3559999.9428,1000000.0,2018-01-31T13:45:00.310000Z
1,1.24666,1.2466700000000002,1120000.0048,1500000.0,2018-01-31T13:45:00.618000Z
2,1.24666,1.24669,1950000.0477,2809999.9428,2018-01-31T13:45:01.147000Z
3,1.24665,1.2466700000000002,1950000.0477,1000000.0,2018-01-31T13:45:01.306000Z
4,1.24665,1.2466700000000002,1000000.0,1000000.0,2018-01-31T13:45:01.847000Z
5,1.24666,1.2466700000000002,1000000.0,1500000.0,2018-01-31T13:45:03.283000Z
6,1.24665,1.2466700000000002,1200000.0477,1500000.0,2018-01-31T13:45:03.805000Z
7,1.24666,1.2466700000000002,1000000.0,1500000.0,2018-01-31T13:45:04.339000Z
8,1.24663,1.24665,4570000.1717,1500000.0,2018-01-31T13:45:05.728000Z
9,1.24661,1.24663,1200000.0477,1000000.0,2018-01-31T13:45:05.831000Z
10,1.24661,1.24662,1200000.0477,1000000.0,2018-01-31T13:45:06.428000Z
11,1.2466000000000002,1.24662,2700000.0477,1000000.0,2018-01-31T13:45:07.408000Z
12,1.24659,1.2466000000000002,2319999.9332,1000000.0,2018-01-31T13:45:09.024000Z
13,1.2465700000000002,1.24658,1200000.0477,1250000.0,2018-01-31T13:45:09.129000Z
14,1.2465600000000001,1.2465700000000002,1200000.0477,1000000.0,2018-01-31T13:45:09.490000Z
15,1.24653,1.24655,3450000.0477,1000000.0,2018-01-31T13:45:09.699000Z
16,1.24649,1.24651,1870000.0048,1000000.0,2018-01-31T13:45:09.941000Z
17,1.24645,1.2464700000000002,2470000.0286,1000000.0,2018-01-31T13:45:10.257000Z
18,1.2464600000000001,1.24649,5739999.7711,1000000.0,2018-01-31T13:45:10.310000Z
19,1.2464700000000002,1.2465000000000002,1500000.0,2059999.9428,2018-01-31T13:45:10.364000Z
20,1.2464600000000001,1.24648,1419999.9571,1690000.0572,2018-01-31T13:45:10.469000Z
21,1.24649,1.2465000000000002,1000000.0,1250000.0,2018-01-31T13:45:10.855000Z
22,1.24648,1.2465000000000002,4869999.8856,1250000.0,2018-01-31T13:45:12.294000Z
23,1.24649,1.2465000000000002,1200000.0477,1690000.0572,2018-01-31T13:45:12.839000Z
24,1.24649,1.24651,4199999.8093,1250000.0,2018-01-31T13:45:13.343000Z
25,1.24649,1.2465000000000002,1000000.0,1250000.0,2018-01-31T13:45:13.893000Z
26,1.2465000000000002,1.24651,1200000.0477,1690000.0572,2018-01-31T13:45:14.415000Z
27,1.24649,1.2465000000000002,1950000.0477,1250000.0,2018-01-31T13:45:15.439000Z
28,1.2465000000000002,1.24651,1870000.0048,1250000.0,2018-01-31T13:45:16.857000Z
29,1.2465000000000002,1.24652,5550000.1907,1000000.0,2018-01-31T13:45:17.062000Z
30,1.24653,1.24654,2250000.0,1690000.0572,2018-01-31T13:45:18.458000Z
31,1.2465600000000001,1.2465700000000002,1200000.0477,1690000.0572,2018-01-31T13:45:18.771000Z
32,1.24653,1.24655,2890000.1049,1500000.0,2018-01-31T13:45:19.227000Z
33,1.24655,1.2465600000000001,1200000.0477,1250000.0,2018-01-31T13:45:19.747000Z
34,1.24654,1.2465600000000001,3259999.9905,1250000.0,2018-01-31T13:45:20.250000Z
35,1.24655,1.2465600000000001,1200000.0477,1250000.0,2018-01-31T13:45:22.714000Z
36,1.24655,1.2465700000000002,1120000.0048,2440000.0572,2018-01-31T13:45:23.268000Z
37,1.24659,1.2466000000000002,6369999.8856,1000000.0,2018-01-31T13:45:24.181000Z
38,1.24661,1.24662,8399999.6185,1000000.0,2018-01-31T13:45:24.606000Z
39,1.24663,1.24664,1500000.0,1500000.0,2018-01-31T13:45:25.348000Z
40,1.24664,1.24666,3369999.8856,1000000.0,2018-01-31T13:45:25.453000Z
41,1.24665,1.24666,2400000.0954,1690000.0572,2018-01-31T13:45:25.505000Z
42,1.24665,1.24666,1120000.0048,2250000.0,2018-01-31T13:45:26.474000Z
43,1.24662,1.24663,1200000.0477,1500000.0,2018-01-31T13:45:26.815000Z
44,1.24662,1.24664,12449999.8093,1000000.0,2018-01-31T13:45:27.977000Z
45,1.24652,1.2465600000000001,1720000.0286,1500000.0,2018-01-31T13:45:28.295000Z
46,1.24653,1.24654,1000000.0,1000000.0,2018-01-31T13:45:28.348000Z
47,1.24651,1.24652,1200000.0477,1500000.0,2018-01-31T13:45:28.681000Z
48,1.24649,1.2465000000000002,1200000.0477,1000000.0,2018-01-31T13:45:29.198000Z
49,1.2465000000000002,1.24651,1120000.0048,1250000.0,2018-01-31T13:45:29.727000Z
50,1.24649,1.2465000000000002,1200000.0477,1000000.0,2018-01-31T13:45:30.329000Z
51,1.24654,1.24655,1570000.0525,1000000.0,2018-01-31T13:45:30.785000Z
52,1.24655,1.2465700000000002,1570000.0525,1000000.0,2018-01-31T13:45:30.995000Z
53,1.24654,1.2465600000000001,7389999.8665,1250000.0,2018-01-31T13:45:31.099000Z
54,1.24653,1.2465600000000001,5889999.8665,1000000.0,2018-01-31T13:45:31.630000Z
55,1.24651,1.24653,1450000.0477,1500000.0,2018-01-31T13:45:31.943000Z
56,1.2465000000000002,1.24652,1000000.0,1000000.0,2018-01-31T13:45:32.060000Z
57,1.2464700000000002,1.24649,1500000.0,2059999.9428,2018-01-31T13:45:32.114000Z
58,1.24645,1.2464700000000002,2250000.0,1000000.0,2018-01-31T13:45:32.543000Z
59,1.2464700000000002,1.24648,1000000.0,1250000.0,2018-01-31T13:45:32.978000Z
60,1.24648,1.24649,1000000.0,1250000.0,2018-01-31T13:45:33.115000Z
61,1.24645,1.2464700000000002,1120000.0048,1690000.0572,2018-01-31T13:45:33.379000Z
62,1.24643,1.2464600000000001,2890000.1049,1250000.0,2018-01-31T13:45:33.536000Z
63,1.24642,1.24644,2619999.8856,1690000.0572,2018-01-31T13:45:33.588000Z
64,1.24643,1.24645,1870000.0048,1690000.0572,2018-01-31T13:45:34.096000Z
65,1.24639,1.24641,2099999.9046,1000000.0,2018-01-31T13:45:34.405000Z
66,1.2464,1.24641,1200000.0477,1000000.0,2018-01-31T13:45:34.938000Z
67,1.24642,1.24644,15579999.9237,1000000.0,2018-01-31T13:45:35.252000Z
68,1.24643,1.24644,2619999.8856,1000000.0,2018-01-31T13:45:35.784000Z
69,1.24644,1.24645,1120000.0048,1250000.0,2018-01-31T13:45:36.112000Z
70,1.2464600000000001,1.2464700000000002,2440000.0572,1000000.0,2018-01-31T13:45:36.271000Z
71,1.2464600000000001,1.2464700000000002,1200000.0477,1690000.0572,2018-01-31T13:45:36.795000Z
72,1.24649,1.2465000000000002,2250000.0,1690000.0572,2018-01-31T13:45:37.157000Z
73,1.2465000000000002,1.24653,1120000.0048,1120000.0048,2018-01-31T13:45:37.466000Z
74,1.2465000000000002,1.24652,1950000.0477,1250000.0,2018-01-31T13:45:37.600000Z
75,1.24648,1.2465000000000002,2619999.8856,1309999.9428,2018-01-31T13:45:38.249000Z
76,1.2464600000000001,1.24649,5320000.1717,1000000.0,2018-01-31T13:45:38.301000Z
77,1.2464700000000002,1.24648,1000000.0,2809999.9428,2018-01-31T13:45:38.352000Z
78,1.2464600000000001,1.2464700000000002,1950000.0477,1250000.0,2018-01-31T13:45:38.886000Z
79,1.2464600000000001,1.24648,1200000.0477,1309999.9428,2018-01-31T13:45:39.452000Z
80,1.2464700000000002,1.24648,1200000.0477,1250000.0,2018-01-31T13:45:39.989000Z
81,1.2465000000000002,1.24653,1200000.0477,1000000.0,2018-01-31T13:45:40.250000Z
82,1.24649,1.2465000000000002,2700000.0477,1000000.0,2018-01-31T13:45:40.302000Z
83,1.24648,1.2465000000000002,1200000.0477,1250000.0,2018-01-31T13:45:40.357000Z
84,1.24649,1.24651,1950000.0477,1250000.0,2018-01-31T13:45:41.125000Z
85,1.24652,1.24654,3750000.0,1000000.0,2018-01-31T13:45:41.330000Z
86,1.2465700000000002,1.24658,1950000.0477,1500000.0,2018-01-31T13:45:41.705000Z
87,1.2465700000000002,1.24658,1200000.0477,1000000.0,2018-01-31T13:45:42.217000Z
88,1.2465600000000001,1.24658,2319999.9332,1000000.0,2018-01-31T13:45:43.867000Z
89,1.2465600000000001,1.2465700000000002,4719999.7902,4500000.0,2018-01-31T13:45:44.460000Z
90,1.24669,1.2467000000000001,1120000.0048,1690000.0572,2018-01-31T13:45:44.782000Z
91,1.24669,1.24672,4119999.8856,1100000.0238,2018-01-31T13:45:45.024000Z
92,1.2466700000000002,1.24672,2250000.0,2509999.9905,2018-01-31T13:45:45.131000Z
93,1.24666,1.2467000000000001,7389999.8665,1000000.0,2018-01-31T13:45:45.646000Z
94,1.24669,1.2467000000000001,1200000.0477,1500000.0,2018-01-31T13:45:46.054000Z
95,1.24669,1.2467100000000002,1200000.0477,1690000.0572,2018-01-31T13:45:46.569000Z
96,1.24666,1.24668,1200000.0477,1000000.0,2018-01-31T13:45:46.913000Z
97,1.2466700000000002,1.24669,1200000.0477,1690000.0572,2018-01-31T13:45:47.250000Z
98,1.2466700000000002,1.24668,1200000.0477,1250000.0,2018-01-31T13:45:47.770000Z
99,1.24666,1.24668,1200000.0477,1500000.0,2018-01-31T13:45:50.210000Z
100,1.24663,1.24665,4949999.8093,2500000.0,2018-01-31T13:45:50.276000Z
101,1.24662,1.24663,1200000.0477,1000000.0,2018-01-31T13:45:50.472000Z
102,1.24662,1.24663,1950000.0477,1690000.0572,2018-01-31T13:45:51.014000Z
103,1.24662,1.24663,1120000.0048,1250000.0,2018-01-31T13:45:51.552000Z
104,1.24661,1.24663,2700000.0477,1000000.0,2018-01-31T13:45:52.085000Z
105,1.2466000000000002,1.24661,1950000.0477,1000000.0,2018-01-31T13:45:52.190000Z
106,1.24659,1.24661,1000000.0,1250000.0,2018-01-31T13:45:52.736000Z
107,1.24661,1.24662,1200000.0477,1000000.0,2018-01-31T13:45:52.998000Z
108,1.24663,1.24665,1870000.0048,1500000.0,2018-01-31T13:45:53.102000Z
109,1.24662,1.24663,3450000.0477,1000000.0,2018-01-31T13:45:53.206000Z
110,1.24663,1.24665,6940000.0572,1250000.0,2018-01-31T13:45:53.512000Z
111,1.24666,1.24668,3150000.0954,1000000.0,2018-01-31T13:45:53.567000Z
112,1.24666,1.24668,3450000.0477,1250000.0,2018-01-31T13:45:54.079000Z
113,1.24665,1.2466700000000002,2619999.8856,1000000.0,2018-01-31T13:45:54.994000Z
114,1.24666,1.2466700000000002,1200000.0477,1250000.0,2018-01-31T13:45:55.523000Z
115,1.24665,1.2466700000000002,5699999.8093,1250000.0,2018-01-31T13:45:56.162000Z
116,1.24666,1.2466700000000002,1200000.0477,1250000.0,2018-01-31T13:45:56.747000Z
117,1.24662,1.24665,4570000.1717,1120000.0048,2018-01-31T13:45:57.327000Z
118,1.24663,1.24665,1200000.0477,2059999.9428,2018-01-31T13:45:57.831000Z
119,1.24658,1.24659,1120000.0048,1500000.0,2018-01-31T13:45:58.337000Z
120,1.2465700000000002,1.24659,1000000.0,1000000.0,2018-01-31T13:45:58.393000Z
121,1.2465600000000001,1.24659,2700000.0477,1690000.0572,2018-01-31T13:45:58.914000Z
122,1.24655,1.2465700000000002,1000000.0,5440000.0572,2018-01-31T13:45:59.355000Z
123,1.24653,1.24655,1200000.0477,1690000.0572,2018-01-31T13:45:59.460000Z
124,1.24652,1.24654,1200000.0477,1250000.0,2018-01-31T13:45:59.989000Z
125,1.24651,1.24653,1950000.0477,1000000.0,2018-01-31T13:46:00.557000Z
126,1.24654,1.2465600000000001,1500000.0,4869999.8856,2018-01-31T13:46:01.072000Z
127,1.24655,1.2465700000000002,3450000.0477,1000000.0,2018-01-31T13:46:01.231000Z
128,1.2465600000000001,1.24658,4349999.9046,1000000.0,2018-01-31T13:46:01.449000Z
129,1.24659,1.24661,1350000.0238,2250000.0,2018-01-31T13:46:01.975000Z
130,1.2466000000000002,1.24662,2250000.0,3190000.0572,2018-01-31T13:46:02.080000Z
131,1.24661,1.24663,1200000.0477,1690000.0572,2018-01-31T13:46:02.303000Z
132,1.24659,1.2466000000000002,1500000.0,1500000.0,2018-01-31T13:46:02.610000Z
133,1.2465700000000002,1.24659,1870000.0048,1690000.0572,2018-01-31T13:46:02.968000Z
134,1.2465600000000001,1.24659,1950000.0477,3440000.0572,2018-01-31T13:46:03.125000Z
135,1.24654,1.24658,1570000.0525,3190000.0572,2018-01-31T13:46:03.284000Z
136,1.2465600000000001,1.24658,2700000.0477,1000000.0,2018-01-31T13:46:03.647000Z
137,1.24661,1.24662,1500000.0,3940000.0572,2018-01-31T13:46:04.432000Z
138,1.24659,1.24662,1690000.0572,6000000.0,2018-01-31T13:46:04.588000Z
139,1.2465600000000001,1.24659,5059999.9428,2250000.0,2018-01-31T13:46:04.745000Z
140,1.24655,1.2465700000000002,1120000.0048,2059999.9428,2018-01-31T13:46:04.914000Z
141,1.2465600000000001,1.24658,1120000.0048,1000000.0,2018-01-31T13:46:05.390000Z
142,1.2465700000000002,1.24659,1120000.0048,1500000.0,2018-01-31T13:46:05.443000Z
143,1.24655,1.24659,1950000.0477,4750000.0,2018-01-31T13:46:05.496000Z
144,1.24654,1.2465600000000001,2319999.9332,6000000.0,2018-01-31T13:46:06.720000Z
145,1.2465000000000002,1.24651,1200000.0477,1000000.0,2018-01-31T13:46:07.028000Z
146,1.24651,1.24652,1950000.0477,2250000.0,2018-01-31T13:46:07.337000Z
147,1.24654,1.2465600000000001,2700000.0477,1250000.0,2018-01-31T13:46:07.682000Z
148,1.24654,1.2465600000000001,1000000.0,1250000.0,2018-01-31T13:46:08.589000Z
149,1.24653,1.2465600000000001,1200000.0477,3059999.9428,2018-01-31T13:46:09.108000Z
150,1.24653,1.2465600000000001,1200000.0477,5059999.9428,2018-01-31T13:46:09.759000Z
151,1.24655,1.2465600000000001,1500000.0,1500000.0,2018-01-31T13:46:10.118000Z
152,1.24655,1.2465700000000002,4199999.8093,1000000.0,2018-01-31T13:46:10.170000Z
153,1.24655,1.24659,4570000.1717,2250000.0,2018-01-31T13:46:10.222000Z
154,1.2465600000000001,1.24659,1389999.9857,1250000.0,2018-01-31T13:46:10.747000Z
155,1.24655,1.24659,4570000.1717,7119999.8856,2018-01-31T13:46:11.260000Z
156,1.24655,1.24659,1200000.0477,5869999.8856,2018-01-31T13:46:11.918000Z
157,1.2465600000000001,1.24659,1870000.0048,3190000.0572,2018-01-31T13:46:11.971000Z
158,1.24655,1.2465700000000002,1200000.0477,7119999.8856,2018-01-31T13:46:12.233000Z
159,1.24651,1.2465700000000002,1570000.0525,27260000.2289,2018-01-31T13:46:12.374000Z
160,1.24651,1.24654,1120000.0048,2250000.0,2018-01-31T13:46:12.530000Z
161,1.2465000000000002,1.24651,1000000.0,2809999.9428,2018-01-31T13:46:12.837000Z
162,1.24653,1.24654,2250000.0,1000000.0,2018-01-31T13:46:13.198000Z
163,1.24655,1.2465700000000002,1870000.0048,1000000.0,2018-01-31T13:46:13.356000Z
164,1.24654,1.2465600000000001,2440000.0572,1250000.0,2018-01-31T13:46:13.906000Z
165,1.24655,1.2465600000000001,1200000.0477,1250000.0,2018-01-31T13:46:14.320000Z
166,1.24654,1.24655,1120000.0048,1250000.0,2018-01-31T13:46:14.423000Z
167,1.24652,1.24654,1950000.0477,2369999.8856,2018-01-31T13:46:15.058000Z
168,1.24649,1.24652,1570000.0525,2250000.0,2018-01-31T13:46:15.164000Z
169,1.24649,1.24652,2509999.9905,2440000.0572,2018-01-31T13:46:15.669000Z
170,1.24652,1.24653,1120000.0048,1250000.0,2018-01-31T13:46:15.825000Z
171,1.24651,1.24653,1200000.0477,1000000.0,2018-01-31T13:46:16.343000Z
172,1.2465000000000002,1.24651,1200000.0477,1000000.0,2018-01-31T13:46:16.652000Z
173,1.24651,1.24653,1000000.0,1690000.0572,2018-01-31T13:46:16.703000Z
174,1.24655,1.2465600000000001,1250000.0,5250000.0,2018-01-31T13:46:17.061000Z
175,1.24655,1.2465700000000002,3190000.0572,1009999.9905,2018-01-31T13:46:17.113000Z
176,1.2465700000000002,1.24658,1120000.0048,1250000.0,2018-01-31T13:46:17.255000Z
177,1.2465600000000001,1.24658,2890000.1049,1250000.0,2018-01-31T13:46:18.016000Z
178,1.24658,1.2466000000000002,1250000.0,1250000.0,2018-01-31T13:46:18.494000Z
179,1.24659,1.24661,1950000.0477,1000000.0,2018-01-31T13:46:18.548000Z
180,1.24658,1.2466000000000002,6829999.9237,1250000.0,2018-01-31T13:46:18.600000Z
181,1.2466000000000002,1.24662,5320000.1717,1250000.0,2018-01-31T13:46:19.058000Z
182,1.24661,1.24664,3450000.0477,3000000.0,2018-01-31T13:46:19.430000Z
183,1.2466000000000002,1.24662,4570000.1717,1250000.0,2018-01-31T13:46:19.707000Z
184,1.2466000000000002,1.24662,1000000.0,1000000.0,2018-01-31T13:46:20.580000Z
185,1.2466000000000002,1.24663,1200000.0477,2619999.8856,2018-01-31T13:46:20.634000Z
186,1.24659,1.24662,1120000.0048,3750000.0,2018-01-31T13:46:21.107000Z
187,1.2465700000000002,1.2466000000000002,1950000.0477,3750000.0,2018-01-31T13:46:21.213000Z
188,1.24659,1.24661,2619999.8856,1000000.0,2018-01-31T13:46:21.477000Z
189,1.2466000000000002,1.24663,1200000.0477,1690000.0572,2018-01-31T13:46:21.652000Z
190,1.24662,1.24663,1120000.0048,2440000.0572,2018-01-31T13:46:23.153000Z
191,1.24661,1.24663,2140000.1049,1250000.0,2018-01-31T13:46:23.688000Z
192,1.24661,1.24663,2140000.1049,1250000.0,2018-01-31T13:46:24.216000Z
193,1.24661,1.24663,1690000.0572,1250000.0,2018-01-31T13:46:24.740000Z
194,1.24659,1.24661,3000000.0,2619999.8856,2018-01-31T13:46:25.116000Z
195,1.2466000000000002,1.24663,4579999.9237,1250000.0,2018-01-31T13:46:25.474000Z
196,1.24663,1.24665,1120000.0048,3000000.0,2018-01-31T13:46:25.609000Z
197,1.24663,1.24664,1120000.0048,1000000.0,2018-01-31T13:46:26.128000Z
198,1.24662,1.24663,1250000.0,1250000.0,2018-01-31T13:46:26.558000Z
199,1.24662,1.24664,1570000.0525,1250000.0,2018-01-31T13:46:27.076000Z
200,1.24661,1.24663,7199999.8093,1250000.0,2018-01-31T13:46:27.643000Z
201,1.24664,1.24666,1000000.0,2619999.8856,2018-01-31T13:46:28.160000Z
202,1.24666,1.2466700000000002,2849999.9046,1500000.0,2018-01-31T13:46:28.214000Z
203,1.24665,1.24668,1200000.0477,3000000.0,2018-01-31T13:46:28.475000Z
204,1.24663,1.2466700000000002,7349999.9046,1500000.0,2018-01-31T13:46:28.529000Z
205,1.24663,1.24665,2250000.0,1500000.0,2018-01-31T13:46:28.583000Z
206,1.24666,1.2466700000000002,1000000.0,1250000.0,2018-01-31T13:46:28.919000Z
207,1.24665,1.2466700000000002,4119999.8856,1250000.0,2018-01-31T13:46:29.558000Z
208,1.2466700000000002,1.24668,1000000.0,1250000.0,2018-01-31T13:46:30.142000Z
209,1.2467000000000001,1.24672,3069999.9332,1000000.0,2018-01-31T13:46:30.508000Z
210,1.24672,1.24673,1000000.0,1250000.0,2018-01-31T13:46:30.931000Z
211,1.24673,1.24674,1000000.0,1250000.0,2018-01-31T13:46:30.983000Z
212,1.2467100000000002,1.24674,4010000.2289,1250000.0,2018-01-31T13:46:31.508000Z
213,1.2467000000000001,1.24674,1950000.0477,5309999.9428,2018-01-31T13:46:32.025000Z
214,1.24666,1.2467100000000002,5889999.8665,1500000.0,2018-01-31T13:46:32.449000Z
215,1.24668,1.2467100000000002,7130000.1144,1250000.0,2018-01-31T13:46:33.079000Z
216,1.24668,1.2467100000000002,4309999.9428,1000000.0,2018-01-31T13:46:33.131000Z
217,1.24669,1.2467100000000002,7010000.2289,1000000.0,2018-01-31T13:46:33.185000Z
218,1.24675,1.2467700000000002,1120000.0048,1500000.0,2018-01-31T13:46:33.432000Z
219,1.2467700000000002,1.24679,4489999.7711,5320000.1717,2018-01-31T13:46:33.483000Z
220,1.24678,1.2468000000000001,3750000.0,1759999.9905,2018-01-31T13:46:33.587000Z
221,1.24679,1.2468100000000002,5699999.8093,1000000.0,2018-01-31T13:46:34.095000Z
222,1.2468000000000001,1.24682,2329999.9237,1250000.0,2018-01-31T13:46:34.560000Z
223,1.2468000000000001,1.2468299999999999,3750000.0,1000000.0,2018-01-31T13:46:34.914000Z
224,1.2468000000000001,1.2468100000000002,1000000.0,1500000.0,2018-01-31T13:46:34.970000Z
225,1.24679,1.2468100000000002,4199999.8093,1000000.0,2018-01-31T13:46:35.671000Z
226,1.2468000000000001,1.24682,1120000.0048,1000000.0,2018-01-31T13:46:36.218000Z
227,1.2468000000000001,1.2468299999999999,1950000.0477,1000000.0,2018-01-31T13:46:37.469000Z
228,1.24679,1.2468100000000002,1000000.0,1570000.0525,2018-01-31T13:46:37.973000Z
229,1.24675,1.24679,5250000.0,2250000.0,2018-01-31T13:46:38.180000Z
230,1.24675,1.24676,1000000.0,1500000.0,2018-01-31T13:46:38.339000Z
231,1.2467100000000002,1.24676,1500000.0,7010000.2289,2018-01-31T13:46:38.511000Z
232,1.2467100000000002,1.24674,1500000.0,1000000.0,2018-01-31T13:46:38.563000Z
233,1.24669,1.24673,1000000.0,1000000.0,2018-01-31T13:46:38.874000Z
234,1.24668,1.2467100000000002,2319999.9332,1000000.0,2018-01-31T13:46:38.978000Z
235,1.2466700000000002,1.2467100000000002,2250000.0,2440000.0572,2018-01-31T13:46:40.101000Z
236,1.24669,1.2467100000000002,3190000.0572,1000000.0,2018-01-31T13:46:40.152000Z
237,1.24669,1.24672,8979999.5422,1000000.0,2018-01-31T13:46:40.307000Z
238,1.2467000000000001,1.24672,2059999.9428,1250000.0,2018-01-31T13:46:40.818000Z
239,1.24672,1.24673,3190000.0572,1000000.0,2018-01-31T13:46:41.314000Z
240,1.24673,1.2467700000000002,3559999.9428,3450000.0477,2018-01-31T13:46:41.416000Z
241,1.24673,1.24675,4119999.8856,1000000.0,2018-01-31T13:46:41.468000Z
242,1.24673,1.24676,2619999.8856,1000000.0,2018-01-31T13:46:42.444000Z
243,1.24674,1.24678,2230000.0191,2700000.0477,2018-01-31T13:46:42.652000Z
244,1.24674,1.2467700000000002,3369999.8856,1200000.0477,2018-01-31T13:46:44.193000Z
245,1.24672,1.24675,1870000.0048,3640000.1049,2018-01-31T13:46:44.350000Z
246,1.2467000000000001,1.24675,6820000.1717,4389999.8665,2018-01-31T13:46:44.402000Z
247,1.2467100000000002,1.24675,1000000.0,7389999.8665,2018-01-31T13:46:45.611000Z
248,1.24669,1.24673,3000000.0,1440000.0572,2018-01-31T13:46:46.285000Z
249,1.24672,1.24674,3410000.0858,3069999.9332,2018-01-31T13:46:47.313000Z
250,1.24675,1.24679,1000000.0,1950000.0477,2018-01-31T13:46:47.492000Z
251,1.24675,1.24679,1000000.0,3450000.0477,2018-01-31T13:46:48.018000Z
252,1.24674,1.24678,1990000.0095,1389999.9857,2018-01-31T13:46:48.558000Z
253,1.24674,1.24678,2170000.0763,1200000.0477,2018-01-31T13:46:50.129000Z
254,1.24674,1.24678,1000000.0,2509999.9905,2018-01-31T13:46:50.638000Z
255,1.24672,1.2467700000000002,4949999.8093,3640000.1049,2018-01-31T13:46:51.332000Z
256,1.24672,1.24678,6559999.9428,4760000.2289,2018-01-31T13:46:52.294000Z
257,1.24673,1.24678,3380000.1144,2140000.1049,2018-01-31T13:46:52.346000Z
258,1.24674,1.24678,1000000.0,2140000.1049,2018-01-31T13:46:52.942000Z
259,1.24673,1.24678,6940000.0572,1759999.9905,2018-01-31T13:46:53.780000Z
260,1.24672,1.24676,1000000.0,1200000.0477,2018-01-31T13:46:54.094000Z
261,1.24675,1.24676,1120000.0048,1000000.0,2018-01-31T13:46:54.413000Z
262,1.24675,1.2468000000000001,6940000.0572,2319999.9332,2018-01-31T13:46:54.570000Z
263,1.24678,1.24682,1250000.0,3259999.9905,2018-01-31T13:46:54.725000Z
264,1.24679,1.2468100000000002,3750000.0,1120000.0048,2018-01-31T13:46:55.345000Z
265,1.2468000000000001,1.24684,1000000.0,3640000.1049,2018-01-31T13:46:55.520000Z
266,1.2468000000000001,1.2468299999999999,1200000.0477,1000000.0,2018-01-31T13:46:56.047000Z
267,1.2468000000000001,1.24684,1000000.0,4309999.9428,2018-01-31T13:46:57.313000Z
268,1.2468000000000001,1.2468299999999999,1000000.0,1000000.0,2018-01-31T13:46:58.019000Z
269,1.2468000000000001,1.24682,1500000.0,1000000.0,2018-01-31T13:46:58.559000Z
270,1.2468000000000001,1.2468299999999999,1500000.0,2250000.0,2018-01-31T13:46:58.665000Z
271,1.2468000000000001,1.24682,1000000.0,1000000.0,2018-01-31T13:46:59.168000Z
272,1.2468100000000002,1.24684,2250000.0,1000000.0,2018-01-31T13:46:59.377000Z
273,1.2468000000000001,1.2468299999999999,3369999.8856,1000000.0,2018-01-31T13:46:59.896000Z
274,1.2468000000000001,1.24684,1870000.0048,3369999.8856,2018-01-31T13:47:00.995000Z
275,1.2468000000000001,1.24684,3750000.0,6190000.0572,2018-01-31T13:47:02.396000Z
276,1.2468000000000001,1.24684,3369999.8856,5250000.0,2018-01-31T13:47:02.904000Z
277,1.2468299999999999,1.24684,1500000.0,1500000.0,2018-01-31T13:47:03.641000Z
278,1.24685,1.24688,1120000.0048,1120000.0048,2018-01-31T13:47:03.697000Z
279,1.24685,1.2468700000000001,1870000.0048,1000000.0,2018-01-31T13:47:04.217000Z
280,1.24685,1.24688,2619999.8856,1500000.0,2018-01-31T13:47:04.736000Z
281,1.24686,1.2468700000000001,1000000.0,1000000.0,2018-01-31T13:47:08.008000Z
282,1.24693,1.24694,28719999.3134,1009999.9905,2018-01-31T13:47:09.366000Z
283,1.24695,1.2469700000000001,1120000.0048,1000000.0,2018-01-31T13:47:09.420000Z
284,1.2469700000000001,1.24699,9640000.3433,1120000.0048,2018-01-31T13:47:09.582000Z
285,1.24696,1.2469700000000001,1500000.0,1690000.0572,2018-01-31T13:47:09.897000Z
286,1.24694,1.24698,7570000.1717,3369999.8856,2018-01-31T13:47:10.158000Z
287,1.24695,1.24698,1570000.0525,2440000.0572,2018-01-31T13:47:10.686000Z
288,1.24698,1.247,3279999.9714,1200000.0477,2018-01-31T13:47:11.096000Z
289,1.24696,1.247,2319999.9332,2700000.0477,2018-01-31T13:47:11.301000Z
290,1.24698,1.24699,1500000.0,1000000.0,2018-01-31T13:47:11.662000Z
291,1.2469700000000001,1.247,3750000.0,2619999.8856,2018-01-31T13:47:12.225000Z
292,1.2469700000000001,1.24699,1000000.0,1000000.0,2018-01-31T13:47:12.416000Z
293,1.24698,1.2470200000000002,4500000.0,3940000.0572,2018-01-31T13:47:12.468000Z
294,1.24696,1.24698,2700000.0477,1000000.0,2018-01-31T13:47:12.623000Z
295,1.24695,1.2469700000000001,2619999.8856,1250000.0,2018-01-31T13:47:12.676000Z
296,1.24693,1.2469700000000001,4949999.8093,1690000.0572,2018-01-31T13:47:12.882000Z
297,1.24693,1.24694,1570000.0525,1000000.0,2018-01-31T13:47:13.429000Z
298,1.24689,1.24692,6449999.8093,1000000.0,2018-01-31T13:47:13.533000Z
299,1.24689,1.2469100000000002,1000000.0,1190000.0572,2018-01-31T13:47:13.984000Z
300,1.2468700000000001,1.2469100000000002,1950000.0477,1000000.0,2018-01-31T13:47:14.037000Z
301,1.24686,1.2469000000000001,7949999.8093,1500000.0,2018-01-31T13:47:14.555000Z
302,1.24686,1.24688,2250000.0,1500000.0,2018-01-31T13:47:14.893000Z
303,1.24682,1.24686,3369999.8856,2809999.9428,2018-01-31T13:47:14.996000Z
304,1.24685,1.24686,2250000.0,2250000.0,2018-01-31T13:47:15.049000Z
305,1.24685,1.24689,7010000.2289,1000000.0,2018-01-31T13:47:15.153000Z
306,1.24686,1.24689,10199999.8093,1000000.0,2018-01-31T13:47:16.146000Z
307,1.24685,1.24688,5699999.8093,1000000.0,2018-01-31T13:47:16.345000Z
308,1.24684,1.24689,3900000.0954,1250000.0,2018-01-31T13:47:16.603000Z
309,1.24685,1.24688,1500000.0,1250000.0,2018-01-31T13:47:17.195000Z
310,1.24684,1.24689,7389999.8665,1690000.0572,2018-01-31T13:47:17.706000Z
311,1.2468700000000001,1.24689,3000000.0,1000000.0,2018-01-31T13:47:18.063000Z
312,1.24686,1.24689,1100000.0238,3559999.9428,2018-01-31T13:47:18.266000Z
313,1.24685,1.24689,2619999.8856,5809999.9428,2018-01-31T13:47:18.872000Z
314,1.24685,1.24689,2250000.0,4500000.0,2018-01-31T13:47:19.421000Z
315,1.24685,1.24688,1500000.0,1009999.9905,2018-01-31T13:47:19.939000Z
316,1.2468700000000001,1.24689,2619999.8856,1950000.0477,2018-01-31T13:47:21.233000Z
317,1.24689,1.24693,4500000.0,4010000.2289,2018-01-31T13:47:21.514000Z
318,1.2468700000000001,1.2469100000000002,1950000.0477,1250000.0,2018-01-31T13:47:21.669000Z
319,1.24686,1.2469000000000001,1649999.9762,3190000.0572,2018-01-31T13:47:22.078000Z
320,1.24685,1.24689,1000000.0,1250000.0,2018-01-31T13:47:22.624000Z
321,1.24685,1.24688,1120000.0048,1000000.0,2018-01-31T13:47:23.289000Z
322,1.24685,1.24689,2400000.0954,2059999.9428,2018-01-31T13:47:23.916000Z
323,1.24686,1.24689,1000000.0,1690000.0572,2018-01-31T13:47:24.476000Z
324,1.24685,1.24689,2250000.0,1250000.0,2018-01-31T13:47:25.915000Z
325,1.24685,1.24688,2019999.9809,1250000.0,2018-01-31T13:47:26.786000Z
326,1.2468000000000001,1.24684,7949999.8093,1389999.9857,2018-01-31T13:47:27.098000Z
327,1.2468100000000002,1.2468299999999999,1120000.0048,1389999.9857,2018-01-31T13:47:27.654000Z
328,1.2468000000000001,1.24684,3450000.0477,1120000.0048,2018-01-31T13:47:29.108000Z
329,1.2468000000000001,1.24684,3069999.9332,1120000.0048,2018-01-31T13:47:31.984000Z
330,1.2468100000000002,1.24684,4869999.8856,1000000.0,2018-01-31T13:47:32.396000Z
331,1.24682,1.24684,4389999.8665,1250000.0,2018-01-31T13:47:33.335000Z
332,1.2468700000000001,1.24689,1500000.0,1500000.0,2018-01-31T13:47:33.541000Z
333,1.24688,1.24689,1000000.0,1000000.0,2018-01-31T13:47:34.093000Z
334,1.24689,1.2469100000000002,1000000.0,1500000.0,2018-01-31T13:47:34.199000Z
335,1.24688,1.2469000000000001,2319999.9332,4000000.0,2018-01-31T13:47:37.810000Z
336,1.2468700000000001,1.24688,1000000.0,2250000.0,2018-01-31T13:47:37.972000Z
337,1.24686,1.24689,1870000.0048,5250000.0,2018-01-31T13:47:38.522000Z
338,1.24686,1.2468700000000001,1000000.0,1500000.0,2018-01-31T13:47:38.865000Z
339,1.2468299999999999,1.24685,1000000.0,1500000.0,2018-01-31T13:47:39.178000Z
340,1.24682,1.24684,3000000.0,1000000.0,2018-01-31T13:47:39.720000Z
341,1.24682,1.24685,2250000.0,1500000.0,2018-01-31T13:47:41.092000Z
342,1.2468299999999999,1.24685,1000000.0,1500000.0,2018-01-31T13:47:42.102000Z
343,1.24685,1.2468700000000001,1120000.0048,1000000.0,2018-01-31T13:47:42.372000Z
344,1.24685,1.24689,1120000.0048,4119999.8856,2018-01-31T13:47:42.577000Z
345,1.24686,1.24689,1000000.0,3750000.0,2018-01-31T13:47:43.101000Z
346,1.24686,1.24688,1000000.0,2250000.0,2018-01-31T13:47:43.699000Z
347,1.24686,1.24689,1000000.0,3369999.8856,2018-01-31T13:47:44.373000Z
348,1.24686,1.24688,1000000.0,1000000.0,2018-01-31T13:47:45.508000Z
349,1.24684,1.24688,3900000.0954,1000000.0,2018-01-31T13:47:45.612000Z
350,1.24684,1.24686,2400000.0954,1000000.0,2018-01-31T13:47:45.893000Z
351,1.24684,1.2468700000000001,1649999.9762,1100000.0238,2018-01-31T13:47:46.447000Z
352,1.2468100000000002,1.24685,1870000.0048,1500000.0,2018-01-31T13:47:46.623000Z
353,1.2468000000000001,1.24682,2099999.9046,1000000.0,2018-01-31T13:47:46.884000Z
354,1.2467700000000002,1.2468000000000001,3000000.0,1000000.0,2018-01-31T13:47:46.988000Z
355,1.24676,1.24678,1000000.0,1500000.0,2018-01-31T13:47:47.468000Z
356,1.2467100000000002,1.24674,3000000.0,1000000.0,2018-01-31T13:47:47.725000Z
357,1.2467100000000002,1.24673,1000000.0,1000000.0,2018-01-31T13:47:48.256000Z
358,1.24669,1.24672,1100000.0238,1870000.0048,2018-01-31T13:47:48.412000Z
359,1.2467100000000002,1.24672,1000000.0,1120000.0048,2018-01-31T13:47:48.671000Z
360,1.24679,1.2468100000000002,1870000.0048,1000000.0,2018-01-31T13:47:48.977000Z
361,1.24679,1.2468299999999999,1500000.0,1120000.0048,2018-01-31T13:47:49.029000Z
362,1.2468000000000001,1.2468299999999999,1870000.0048,1250000.0,2018-01-31T13:47:49.081000Z
363,1.2468100000000002,1.24682,1120000.0048,1000000.0,2018-01-31T13:47:49.837000Z
364,1.2468100000000002,1.2468299999999999,1500000.0,1000000.0,2018-01-31T13:47:50.917000Z
365,1.24682,1.24685,1000000.0,1309999.9428,2018-01-31T13:47:50.969000Z
366,1.24682,1.24684,1000000.0,1000000.0,2018-01-31T13:47:52.079000Z
367,1.24682,1.24685,1000000.0,4389999.8665,2018-01-31T13:47:52.934000Z
368,1.2468100000000002,1.24685,1000000.0,5889999.8665,2018-01-31T13:47:53.446000Z
369,1.24682,1.24685,1000000.0,5139999.8665,2018-01-31T13:47:53.885000Z
370,1.24682,1.24685,1000000.0,8140000.3433,2018-01-31T13:47:53.989000Z
371,1.2468299999999999,1.24684,1000000.0,1000000.0,2018-01-31T13:47:54.515000Z
372,1.2468299999999999,1.24685,1000000.0,1389999.9857,2018-01-31T13:47:55.039000Z
373,1.2468100000000002,1.24685,4500000.0,1389999.9857,2018-01-31T13:47:55.197000Z
374,1.24682,1.24685,1500000.0,1000000.0,2018-01-31T13:47:55.713000Z
375,1.24682,1.24685,1000000.0,1450000.0477,2018-01-31T13:47:56.302000Z
376,1.24682,1.24685,2250000.0,1000000.0,2018-01-31T13:47:56.830000Z
377,1.24682,1.24685,3000000.0,1700000.0477,2018-01-31T13:47:57.366000Z
378,1.2468000000000001,1.2468299999999999,2549999.9523,6750000.0,2018-01-31T13:47:57.781000Z
379,1.2467700000000002,1.24679,1000000.0,1200000.0477,2018-01-31T13:47:57.835000Z
380,1.24675,1.2467700000000002,1000000.0,2250000.0,2018-01-31T13:47:57.944000Z
381,1.24675,1.24679,2250000.0,1200000.0477,2018-01-31T13:47:58.147000Z
382,1.24675,1.2467700000000002,1000000.0,4869999.8856,2018-01-31T13:47:58.625000Z
383,1.24672,1.24675,1000000.0,3000000.0,2018-01-31T13:47:58.731000Z
384,1.2467100000000002,1.24672,1000000.0,1000000.0,2018-01-31T13:47:58.784000Z
385,1.2467100000000002,1.24673,1000000.0,1200000.0477,2018-01-31T13:47:59.323000Z
386,1.2467000000000001,1.24674,1299999.9523,3069999.9332,2018-01-31T13:47:59.841000Z
387,1.2467100000000002,1.24673,1500000.0,1000000.0,2018-01-31T13:48:00.269000Z
388,1.2467000000000001,1.24675,6070000.1717,1690000.0572,2018-01-31T13:48:00.784000Z
389,1.2467000000000001,1.24675,14470000.267,1000000.0,2018-01-31T13:48:01.409000Z
390,1.2467100000000002,1.24675,3150000.0954,1000000.0,2018-01-31T13:48:01.824000Z
391,1.24673,1.2467700000000002,1200000.0477,1950000.0477,2018-01-31T13:48:01.928000Z
392,1.24673,1.24676,3819999.9332,1500000.0,2018-01-31T13:48:02.475000Z
393,1.24675,1.24676,1000000.0,1000000.0,2018-01-31T13:48:03.738000Z
394,1.24675,1.24679,1950000.0477,3819999.9332,2018-01-31T13:48:03.845000Z
395,1.24675,1.24679,1120000.0048,1000000.0,2018-01-31T13:48:04.395000Z
396,1.24676,1.24679,1000000.0,1500000.0,2018-01-31T13:48:05.786000Z
397,1.24675,1.24679,2619999.8856,1500000.0,2018-01-31T13:48:06.316000Z
398,1.2467700000000002,1.24679,1120000.0048,1000000.0,2018-01-31T13:48:07.647000Z
399,1.24682,1.24685,1309999.9428,1200000.0477,2018-01-31T13:48:07.888000Z
400,1.2468299999999999,1.2468700000000001,1950000.0477,4690000.0572,2018-01-31T13:48:07.997000Z
401,1.2468100000000002,1.24685,6519999.9809,1500000.0,2018-01-31T13:48:08.258000Z
402,1.2468000000000001,1.2468100000000002,1200000.0477,1000000.0,2018-01-31T13:48:08.686000Z
403,1.24678,1.2468000000000001,1370000.0048,1000000.0,2018-01-31T13:48:08.739000Z
404,1.24676,1.24679,3450000.0477,1000000.0,2018-01-31T13:48:08.792000Z
405,1.24679,1.2468100000000002,1000000.0,1870000.0048,2018-01-31T13:48:09Z
406,1.2467700000000002,1.2468000000000001,1000000.0,1120000.0048,2018-01-31T13:48:09.402000Z
407,1.2467700000000002,1.24678,1000000.0,1000000.0,2018-01-31T13:48:09.454000Z
408,1.24678,1.2468000000000001,1200000.0477,1000000.0,2018-01-31T13:48:09.609000Z
409,1.24675,1.24678,3150000.0954,1500000.0,2018-01-31T13:48:10.069000Z
410,1.24679,1.2468100000000002,1500000.0,1120000.0048,2018-01-31T13:48:10.393000Z
411,1.2467700000000002,1.2468100000000002,1100000.0238,4690000.0572,2018-01-31T13:48:10.802000Z
412,1.24676,1.24679,1120000.0048,2440000.0572,2018-01-31T13:48:11.126000Z
413,1.24676,1.24678,1100000.0238,1000000.0,2018-01-31T13:48:12.285000Z
414,1.24676,1.24679,1100000.0238,1000000.0,2018-01-31T13:48:12.812000Z
415,1.24675,1.24678,6449999.8093,1000000.0,2018-01-31T13:48:13.484000Z
416,1.24675,1.2467700000000002,5320000.1717,1000000.0,2018-01-31T13:48:13.792000Z
417,1.2468000000000001,1.24684,1870000.0048,2440000.0572,2018-01-31T13:48:14.105000Z
418,1.2468100000000002,1.2468299999999999,1120000.0048,1250000.0,2018-01-31T13:48:14.618000Z
419,1.24682,1.24684,7130000.1144,1000000.0,2018-01-31T13:48:15.162000Z
420,1.2468100000000002,1.24684,1500000.0,1120000.0048,2018-01-31T13:48:16.201000Z
421,1.2468100000000002,1.2468299999999999,2319999.9332,1000000.0,2018-01-31T13:48:17.197000Z
422,1.2468100000000002,1.24684,2700000.0477,2059999.9428,2018-01-31T13:48:17.964000Z
423,1.2468100000000002,1.2468299999999999,1120000.0048,3000000.0,2018-01-31T13:48:18.481000Z
424,1.2468000000000001,1.24682,2250000.0,1000000.0,2018-01-31T13:48:18.535000Z
425,1.2468000000000001,1.24682,1500000.0,1000000.0,2018-01-31T13:48:19.065000Z
426,1.2468000000000001,1.24682,3599999.9046,1000000.0,2018-01-31T13:48:19.580000Z
427,1.24676,1.24679,3750000.0,1000000.0,2018-01-31T13:48:19.770000Z
428,1.24675,1.24678,6219999.7902,1690000.0572,2018-01-31T13:48:20.286000Z
429,1.24672,1.24676,3819999.9332,2470000.0286,2018-01-31T13:48:20.389000Z
430,1.24672,1.24675,1500000.0,1690000.0572,2018-01-31T13:48:20.500000Z
431,1.2467100000000002,1.24673,1870000.0048,1000000.0,2018-01-31T13:48:21.011000Z
432,1.2467000000000001,1.24674,3599999.9046,1000000.0,2018-01-31T13:48:21.544000Z
433,1.2467100000000002,1.24674,1000000.0,1870000.0048,2018-01-31T13:48:22.102000Z
434,1.2467000000000001,1.24674,3750000.0,1870000.0048,2018-01-31T13:48:22.656000Z
435,1.2467100000000002,1.24674,1000000.0,1120000.0048,2018-01-31T13:48:23.219000Z
436,1.2467100000000002,1.24672,1000000.0,1000000.0,2018-01-31T13:48:24.106000Z
437,1.2467000000000001,1.24674,5320000.1717,1500000.0,2018-01-31T13:48:24.483000Z
438,1.24672,1.24675,3000000.0,4119999.8856,2018-01-31T13:48:24.743000Z
439,1.2467100000000002,1.24675,3000000.0,3000000.0,2018-01-31T13:48:25.348000Z
440,1.24674,1.24675,2250000.0,1500000.0,2018-01-31T13:48:25.706000Z
441,1.24672,1.2467700000000002,6070000.1717,5960000.0381,2018-01-31T13:48:26.237000Z
442,1.24672,1.2467700000000002,6070000.1717,5019999.9809,2018-01-31T13:48:27.202000Z
443,1.24675,1.2467700000000002,3000000.0,1000000.0,2018-01-31T13:48:27.624000Z
444,1.24675,1.24678,8250000.0,1000000.0,2018-01-31T13:48:27.676000Z
445,1.24674,1.24678,2619999.8856,1000000.0,2018-01-31T13:48:27.728000Z
446,1.24674,1.24678,1500000.0,7949999.8093,2018-01-31T13:48:27.934000Z
447,1.2467100000000002,1.24674,2319999.9332,1500000.0,2018-01-31T13:48:28.257000Z
448,1.24673,1.24674,1000000.0,1000000.0,2018-01-31T13:48:28.726000Z
449,1.24675,1.2467700000000002,1870000.0048,3000000.0,2018-01-31T13:48:28.924000Z
450,1.24676,1.2467700000000002,1120000.0048,1000000.0,2018-01-31T13:48:29.437000Z
451,1.24674,1.2467700000000002,4500000.0,1000000.0,2018-01-31T13:48:30.596000Z
452,1.24676,1.24678,1250000.0,3000000.0,2018-01-31T13:48:30.648000Z
453,1.2468000000000001,1.24682,3259999.9905,1000000.0,2018-01-31T13:48:30.962000Z
454,1.2468100000000002,1.24684,1250000.0,1000000.0,2018-01-31T13:48:31.099000Z
455,1.2468000000000001,1.24684,12449999.8093,1000000.0,2018-01-31T13:48:32.430000Z
456,1.2468100000000002,1.24684,1500000.0,1000000.0,2018-01-31T13:48:33.423000Z
457,1.2468000000000001,1.24684,5699999.8093,3450000.0477,2018-01-31T13:48:33.942000Z
458,1.2468000000000001,1.24684,3819999.9332,3000000.0,2018-01-31T13:48:34.469000Z
459,1.2468000000000001,1.24684,6639999.8665,1500000.0,2018-01-31T13:48:35.666000Z
460,1.24682,1.24684,1200000.0477,2619999.8856,2018-01-31T13:48:35.770000Z
461,1.24682,1.24685,2319999.9332,3369999.8856,2018-01-31T13:48:36.288000Z
462,1.2468100000000002,1.24684,1000000.0,1200000.0477,2018-01-31T13:48:36.825000Z
463,1.2468000000000001,1.2468299999999999,3000000.0,1120000.0048,2018-01-31T13:48:37.635000Z
464,1.24679,1.2468299999999999,3190000.0572,1950000.0477,2018-01-31T13:48:37.891000Z
465,1.24679,1.2468100000000002,1120000.0048,1200000.0477,2018-01-31T13:48:38.150000Z
466,1.2467700000000002,1.2468000000000001,1870000.0048,4199999.8093,2018-01-31T13:48:38.620000Z
467,1.2467700000000002,1.24679,2250000.0,1200000.0477,2018-01-31T13:48:39.121000Z
468,1.24676,1.24678,4119999.8856,1000000.0,2018-01-31T13:48:40.323000Z
469,1.24676,1.24679,1000000.0,1500000.0,2018-01-31T13:48:40.858000Z
470,1.24676,1.2467700000000002,1120000.0048,1000000.0,2018-01-31T13:48:41.686000Z
471,1.24674,1.2467700000000002,6940000.0572,1250000.0,2018-01-31T13:48:42.202000Z
472,1.24674,1.2467700000000002,8289999.9619,1250000.0,2018-01-31T13:48:42.751000Z
473,1.24672,1.24673,1120000.0048,2140000.1049,2018-01-31T13:48:43.078000Z
474,1.2467000000000001,1.24672,3000000.0,1250000.0,2018-01-31T13:48:44.026000Z
475,1.2467000000000001,1.24672,1500000.0,1250000.0,2018-01-31T13:48:44.078000Z
476,1.24674,1.24675,6750000.0,3069999.9332,2018-01-31T13:48:44.535000Z
477,1.24675,1.24676,9970000.267,1000000.0,2018-01-31T13:48:44.642000Z
478,1.2467700000000002,1.24678,1350000.0238,1000000.0,2018-01-31T13:48:44.796000Z
479,1.2467700000000002,1.24679,1350000.0238,3450000.0477,2018-01-31T13:48:44.950000Z
480,1.24675,1.24679,3369999.8856,1950000.0477,2018-01-31T13:48:45.052000Z
481,1.24675,1.2467700000000002,1870000.0048,1000000.0,2018-01-31T13:48:45.692000Z
482,1.24675,1.24678,2019999.9809,1120000.0048,2018-01-31T13:48:47.359000Z
483,1.24675,1.2467700000000002,2250000.0,1120000.0048,2018-01-31T13:48:49.331000Z
484,1.24675,1.24678,2250000.0,1200000.0477,2018-01-31T13:48:50.664000Z
485,1.24676,1.24678,1000000.0,1200000.0477,2018-01-31T13:48:53.717000Z
486,1.24675,1.24678,3369999.8856,1200000.0477,2018-01-31T13:48:54.257000Z
487,1.24675,1.24679,9340000.1526,3259999.9905,2018-01-31T13:48:54.797000Z
488,1.2467700000000002,1.24678,2250000.0,1000000.0,2018-01-31T13:48:55.135000Z
489,1.2467700000000002,1.24679,1000000.0,1000000.0,2018-01-31T13:48:55.893000Z
490,1.24676,1.24678,2250000.0,1000000.0,2018-01-31T13:48:56.399000Z
491,1.24679,1.2468000000000001,1120000.0048,1120000.0048,2018-01-31T13:48:56.816000Z
492,1.24679,1.24682,4500000.0,2700000.0477,2018-01-31T13:48:56.922000Z
493,1.24676,1.2468000000000001,2700000.0477,1250000.0,2018-01-31T13:48:57.286000Z
494,1.24676,1.24678,1000000.0,2140000.1049,2018-01-31T13:48:57.598000Z
495,1.24674,1.24678,9899999.6185,3640000.1049,2018-01-31T13:48:58.106000Z
496,1.24674,1.2467700000000002,1120000.0048,1950000.0477,2018-01-31T13:48:58.599000Z
497,1.24675,1.2467700000000002,1000000.0,1950000.0477,2018-01-31T13:48:59.129000Z
498,1.2467700000000002,1.24679,1500000.0,1000000.0,2018-01-31T13:48:59.714000Z
499,1.2468000000000001,1.2468100000000002,1000000.0,1000000.0,2018-01-31T13:48:59.973000Z
500,1.2468000000000001,1.24682,1000000.0,1500000.0,2018-01-31T13:49:00.486000Z
501,1.24679,1.24682,13689999.5804,1000000.0,2018-01-31T13:49:01.004000Z
502,1.2468000000000001,1.24682,3000000.0,1000000.0,2018-01-31T13:49:01.619000Z
503,1.24675,1.24678,6750000.0,1200000.0477,2018-01-31T13:49:02.127000Z
504,1.24675,1.24678,1500000.0,1309999.9428,2018-01-31T13:49:02.799000Z
505,1.24673,1.2467700000000002,6750000.0,2140000.1049,2018-01-31T13:49:04.278000Z
506,1.24672,1.24675,1000000.0,5320000.1717,2018-01-31T13:49:04.481000Z
507,1.2467000000000001,1.24673,4869999.8856,1000000.0,2018-01-31T13:49:04.688000Z
508,1.2467000000000001,1.24674,1870000.0048,3259999.9905,2018-01-31T13:49:05.655000Z
509,1.2467000000000001,1.24673,3000000.0,1870000.0048,2018-01-31T13:49:06.179000Z
510,1.24669,1.24672,1500000.0,1000000.0,2018-01-31T13:49:07.338000Z
511,1.24669,1.2467100000000002,1000000.0,1200000.0477,2018-01-31T13:49:07.856000Z
512,1.24669,1.24672,1950000.0477,3750000.0,2018-01-31T13:49:10.007000Z
513,1.24668,1.2467000000000001,1570000.0525,1120000.0048,2018-01-31T13:49:10.112000Z
514,1.24666,1.24669,1570000.0525,1500000.0,2018-01-31T13:49:10.275000Z
515,1.24664,1.2466700000000002,2700000.0477,1000000.0,2018-01-31T13:49:10.331000Z
516,1.24663,1.24665,1120000.0048,1000000.0,2018-01-31T13:49:10.703000Z
517,1.24661,1.24664,1200000.0477,1000000.0,2018-01-31T13:49:10.811000Z
518,1.24661,1.24665,1200000.0477,7500000.0,2018-01-31T13:49:11.329000Z
519,1.24661,1.24664,1200000.0477,2250000.0,2018-01-31T13:49:11.934000Z
520,1.24661,1.24665,1200000.0477,8250000.0,2018-01-31T13:49:12.834000Z
521,1.24661,1.24662,1200000.0477,1250000.0,2018-01-31T13:49:13.144000Z
522,1.24659,1.24661,3000000.0,2250000.0,2018-01-31T13:49:13.251000Z
523,1.24655,1.2466000000000002,1950000.0477,8060000.4196,2018-01-31T13:49:13.451000Z
524,1.24655,1.24659,1950000.0477,2250000.0,2018-01-31T13:49:13.983000Z
525,1.24655,1.24659,2200000.0477,1500000.0,2018-01-31T13:49:14.035000Z
526,1.24655,1.24658,2569999.9332,1000000.0,2018-01-31T13:49:14.847000Z
527,1.24652,1.2465600000000001,3450000.0477,6190000.0572,2018-01-31T13:49:15.005000Z
528,1.24651,1.24654,2700000.0477,1250000.0,2018-01-31T13:49:15.260000Z
529,1.24652,1.24655,3970000.0286,1500000.0,2018-01-31T13:49:15.573000Z
530,1.24653,1.2465700000000002,5250000.0,1120000.0048,2018-01-31T13:49:15.782000Z
531,1.24655,1.24658,3670000.0763,2250000.0,2018-01-31T13:49:16.056000Z
532,1.24655,1.24659,12449999.8093,1120000.0048,2018-01-31T13:49:16.163000Z
533,1.24658,1.24659,1000000.0,1000000.0,2018-01-31T13:49:16.424000Z
534,1.24659,1.24661,1950000.0477,2619999.8856,2018-01-31T13:49:16.529000Z
535,1.24658,1.24659,1200000.0477,1250000.0,2018-01-31T13:49:16.807000Z
536,1.2465600000000001,1.24658,1200000.0477,1870000.0048,2018-01-31T13:49:17.115000Z
537,1.24655,1.2465600000000001,1000000.0,3000000.0,2018-01-31T13:49:17.219000Z
538,1.24654,1.2465600000000001,1120000.0048,1500000.0,2018-01-31T13:49:17.738000Z
539,1.24654,1.24655,1120000.0048,1870000.0048,2018-01-31T13:49:18.053000Z
540,1.2465700000000002,1.2466000000000002,1120000.0048,5699999.8093,2018-01-31T13:49:18.345000Z
541,1.24658,1.2466000000000002,1200000.0477,2250000.0,2018-01-31T13:49:18.861000Z
542,1.2465700000000002,1.2466000000000002,1120000.0048,3190000.0572,2018-01-31T13:49:19.369000Z
543,1.2465700000000002,1.24659,1120000.0048,1000000.0,2018-01-31T13:49:19.937000Z
544,1.2465600000000001,1.2466000000000002,1200000.0477,4869999.8856,2018-01-31T13:49:20.658000Z
545,1.24658,1.2466000000000002,1120000.0048,2619999.8856,2018-01-31T13:49:21.202000Z
546,1.2465700000000002,1.2466000000000002,3819999.9332,1000000.0,2018-01-31T13:49:21.719000Z
547,1.24659,1.24662,1200000.0477,4869999.8856,2018-01-31T13:49:22.038000Z
548,1.24659,1.24661,1200000.0477,1500000.0,2018-01-31T13:49:22.586000Z
549,1.2465700000000002,1.24659,1120000.0048,3559999.9428,2018-01-31T13:49:22.903000Z
550,1.24655,1.2465700000000002,3450000.0477,1000000.0,2018-01-31T13:49:22.955000Z
551,1.24655,1.24658,3450000.0477,1250000.0,2018-01-31T13:49:23.534000Z
552,1.24655,1.2465700000000002,1120000.0048,9000000.0,2018-01-31T13:49:25.150000Z
553,1.24653,1.2465600000000001,1000000.0,4869999.8856,2018-01-31T13:49:25.277000Z
554,1.24652,1.24654,1570000.0525,1000000.0,2018-01-31T13:49:25.383000Z
555,1.24652,1.24655,4949999.8093,1000000.0,2018-01-31T13:49:25.866000Z
556,1.24653,1.2465600000000001,1120000.0048,2440000.0572,2018-01-31T13:49:25.918000Z
557,1.24652,1.24655,2700000.0477,1000000.0,2018-01-31T13:49:26.071000Z
558,1.24652,1.24655,1120000.0048,1000000.0,2018-01-31T13:49:26.668000Z
559,1.24652,1.24655,2690000.0572,1000000.0,2018-01-31T13:49:27.515000Z
560,1.24652,1.24654,3319999.9332,1000000.0,2018-01-31T13:49:28.084000Z
561,1.24652,1.24654,1570000.0525,1000000.0,2018-01-31T13:49:28.602000Z
562,1.24653,1.24654,1200000.0477,1000000.0,2018-01-31T13:49:29.212000Z
563,1.24652,1.24654,1000000.0,1000000.0,2018-01-31T13:49:31.117000Z
564,1.24651,1.24654,1950000.0477,1000000.0,2018-01-31T13:49:31.715000Z
565,1.2465000000000002,1.24651,1720000.0286,1500000.0,2018-01-31T13:49:37.097000Z
566,1.24648,1.24649,20250000.0,1250000.0,2018-01-31T13:49:37.560000Z
567,1.24648,1.2465000000000002,3069999.9332,1250000.0,2018-01-31T13:49:38.072000Z
568,1.24648,1.24651,3069999.9332,3190000.0572,2018-01-31T13:49:38.636000Z
569,1.24648,1.24652,1570000.0525,9369999.8856,2018-01-31T13:49:39.609000Z
570,1.2465000000000002,1.24651,1000000.0,1500000.0,2018-01-31T13:49:39.923000Z
571,1.24651,1.24653,1000000.0,3450000.0477,2018-01-31T13:49:40.188000Z
572,1.24648,1.24651,7349999.9046,1000000.0,2018-01-31T13:49:40.242000Z
573,1.24648,1.24651,6150000.0954,1000000.0,2018-01-31T13:49:41.041000Z
574,1.24648,1.2465000000000002,3450000.0477,1000000.0,2018-01-31T13:49:41.602000Z
575,1.2465000000000002,1.24652,1000000.0,1000000.0,2018-01-31T13:49:41.655000Z
576,1.24651,1.24654,1000000.0,1120000.0048,2018-01-31T13:49:41.816000Z
577,1.24652,1.24654,1000000.0,1000000.0,2018-01-31T13:49:42.445000Z
578,1.24652,1.2465600000000001,1000000.0,7869999.8856,2018-01-31T13:49:42.754000Z
579,1.24652,1.24655,1500000.0,2319999.9332,2018-01-31T13:49:43.273000Z
580,1.24652,1.24654,1500000.0,1000000.0,2018-01-31T13:49:44.551000Z
581,1.24654,1.24655,1500000.0,1570000.0525,2018-01-31T13:49:44.888000Z
582,1.24651,1.24652,1000000.0,1120000.0048,2018-01-31T13:49:45.203000Z
583,1.2464700000000002,1.24649,1000000.0,1000000.0,2018-01-31T13:49:45.402000Z
584,1.2464700000000002,1.2465000000000002,1000000.0,2250000.0,2018-01-31T13:49:46.454000Z
585,1.2464600000000001,1.24649,2250000.0,5289999.9619,2018-01-31T13:49:47.428000Z
586,1.24645,1.2464700000000002,1000000.0,4159999.8474,2018-01-31T13:49:47.531000Z
587,1.24642,1.24644,1870000.0048,1000000.0,2018-01-31T13:49:47.727000Z
588,1.24642,1.24645,2619999.8856,1000000.0,2018-01-31T13:49:48.242000Z
589,1.24644,1.24645,1500000.0,1000000.0,2018-01-31T13:49:48.558000Z
590,1.24645,1.2464700000000002,1000000.0,1100000.0238,2018-01-31T13:49:48.672000Z
591,1.2464700000000002,1.24648,1000000.0,1000000.0,2018-01-31T13:49:48.777000Z
592,1.2464600000000001,1.24649,1000000.0,1000000.0,2018-01-31T13:49:49.294000Z
593,1.24648,1.2465000000000002,1000000.0,1500000.0,2018-01-31T13:49:49.890000Z
594,1.24649,1.24652,1000000.0,7500000.0,2018-01-31T13:49:50.424000Z
595,1.24653,1.24654,1000000.0,2140000.1049,2018-01-31T13:49:50.902000Z
596,1.24654,1.2465600000000001,1500000.0,1350000.0238,2018-01-31T13:49:51.007000Z
597,1.2465600000000001,1.2465700000000002,3000000.0,1000000.0,2018-01-31T13:49:51.478000Z
598,1.2465700000000002,1.24659,1500000.0,1000000.0,2018-01-31T13:49:51.580000Z
599,1.24659,1.24661,1000000.0,1000000.0,2018-01-31T13:49:51.897000Z
600,1.2465600000000001,1.24658,6070000.1717,1000000.0,2018-01-31T13:49:52.259000Z
601,1.24654,1.2465700000000002,1000000.0,3940000.0572,2018-01-31T13:49:52.417000Z
602,1.24653,1.24655,1000000.0,1500000.0,2018-01-31T13:49:52.590000Z
603,1.24651,1.24654,1950000.0477,1120000.0048,2018-01-31T13:49:52.694000Z
604,1.24651,1.24653,1000000.0,1250000.0,2018-01-31T13:49:53.241000Z
605,1.2465000000000002,1.24653,1570000.0525,1250000.0,2018-01-31T13:49:53.839000Z
606,1.2465000000000002,1.24654,1100000.0238,2890000.1049,2018-01-31T13:49:54.676000Z
607,1.2465000000000002,1.24653,1299999.9523,1000000.0,2018-01-31T13:49:55.271000Z
608,1.2465000000000002,1.24654,1350000.0238,2890000.1049,2018-01-31T13:49:55.848000Z
609,1.2465000000000002,1.24652,1950000.0477,1250000.0,2018-01-31T13:49:56.154000Z
610,1.24645,1.24649,1120000.0048,3640000.1049,2018-01-31T13:49:56.322000Z
611,1.24644,1.2464700000000002,1570000.0525,1250000.0,2018-01-31T13:49:56.374000Z
612,1.24645,1.24648,3819999.9332,1000000.0,2018-01-31T13:49:57.055000Z
613,1.24649,1.24652,5320000.1717,1000000.0,2018-01-31T13:49:57.365000Z
614,1.2465000000000002,1.24652,1000000.0,3190000.0572,2018-01-31T13:49:57.911000Z
615,1.24652,1.24655,1950000.0477,1500000.0,2018-01-31T13:49:58.182000Z
616,1.24653,1.24655,1120000.0048,2250000.0,2018-01-31T13:49:58.714000Z
617,1.24651,1.24654,1570000.0525,1000000.0,2018-01-31T13:49:58.767000Z
618,1.2465000000000002,1.24652,2319999.9332,2250000.0,2018-01-31T13:49:59.098000Z
619,1.24648,1.2465000000000002,3000000.0,1000000.0,2018-01-31T13:49:59.204000Z
620,1.2464600000000001,1.24648,2319999.9332,1000000.0,2018-01-31T13:49:59.361000Z
621,1.2464600000000001,1.2465000000000002,4570000.1717,3190000.0572,2018-01-31T13:49:59.806000Z
622,1.2464600000000001,1.24648,2619999.8856,1000000.0,2018-01-31T13:50:00.014000Z
623,1.24645,1.24648,3819999.9332,1500000.0,2018-01-31T13:50:00.547000Z
624,1.24644,1.2464600000000001,4570000.1717,1000000.0,2018-01-31T13:50:00.911000Z
625,1.24645,1.24648,2250000.0,1100000.0238,2018-01-31T13:50:00.964000Z
626,1.24644,1.24645,1870000.0048,1000000.0,2018-01-31T13:50:01.120000Z
627,1.2464,1.24643,3069999.9332,6000000.0,2018-01-31T13:50:01.460000Z
628,1.2464,1.24644,1200000.0477,5289999.9619,2018-01-31T13:50:02.257000Z
629,1.2464,1.24643,1950000.0477,1000000.0,2018-01-31T13:50:02.850000Z
630,1.2463700000000002,1.24639,3819999.9332,5170000.0763,2018-01-31T13:50:03.194000Z
631,1.2463700000000002,1.2464,1200000.0477,9000000.0,2018-01-31T13:50:03.348000Z
632,1.2463700000000002,1.24639,1200000.0477,1500000.0,2018-01-31T13:50:04.132000Z
633,1.24639,1.2464,1500000.0,2250000.0,2018-01-31T13:50:04.643000Z
634,1.2464,1.24642,1200000.0477,1120000.0048,2018-01-31T13:50:04.746000Z
635,1.2464,1.24644,1200000.0477,5250000.0,2018-01-31T13:50:05.256000Z
636,1.2464,1.24644,1950000.0477,3369999.8856,2018-01-31T13:50:06.131000Z
637,1.24641,1.24644,2700000.0477,1000000.0,2018-01-31T13:50:06.674000Z
638,1.24642,1.2464600000000001,1200000.0477,1120000.0048,2018-01-31T13:50:06.780000Z
639,1.24642,1.2464600000000001,2319999.9332,2250000.0,2018-01-31T13:50:07.298000Z
640,1.24642,1.24645,2700000.0477,1000000.0,2018-01-31T13:50:08.015000Z
641,1.24643,1.24645,3000000.0,1000000.0,2018-01-31T13:50:08.192000Z
642,1.24643,1.24648,5329999.9237,3190000.0572,2018-01-31T13:50:08.297000Z
643,1.24644,1.2464700000000002,1200000.0477,1000000.0,2018-01-31T13:50:09.166000Z
644,1.24644,1.24648,1200000.0477,5440000.0572,2018-01-31T13:50:09.708000Z
645,1.24644,1.2464600000000001,1570000.0525,1690000.0572,2018-01-31T13:50:09.966000Z
646,1.2464,1.24641,1000000.0,6219999.7902,2018-01-31T13:50:10.284000Z
647,1.24638,1.2464,1000000.0,1000000.0,2018-01-31T13:50:10.338000Z
648,1.2463600000000001,1.24639,1950000.0477,1250000.0,2018-01-31T13:50:10.665000Z
649,1.2463600000000001,1.24638,1000000.0,1000000.0,2018-01-31T13:50:11.489000Z
650,1.2463600000000001,1.24639,1120000.0048,2440000.0572,2018-01-31T13:50:12.759000Z
651,1.2463600000000001,1.24638,1120000.0048,1000000.0,2018-01-31T13:50:13.379000Z
652,1.2463700000000002,1.24638,1200000.0477,1000000.0,2018-01-31T13:50:13.891000Z
653,1.2463700000000002,1.24639,1200000.0477,1000000.0,2018-01-31T13:50:14.412000Z
654,1.24639,1.24641,2250000.0,1500000.0,2018-01-31T13:50:15.032000Z
655,1.2464,1.24643,1200000.0477,1120000.0048,2018-01-31T13:50:15.141000Z
656,1.24639,1.2464,1950000.0477,4119999.8856,2018-01-31T13:50:15.581000Z
657,1.2463700000000002,1.2464,1570000.0525,1870000.0048,2018-01-31T13:50:15.633000Z
658,1.2463700000000002,1.24639,1120000.0048,1000000.0,2018-01-31T13:50:16.165000Z
659,1.2463700000000002,1.2464,1200000.0477,3190000.0572,2018-01-31T13:50:17.605000Z
660,1.2463700000000002,1.24639,1200000.0477,1000000.0,2018-01-31T13:50:18.249000Z
661,1.2463700000000002,1.2464,1200000.0477,3000000.0,2018-01-31T13:50:18.765000Z
662,1.24639,1.24641,1000000.0,9560000.4196,2018-01-31T13:50:19.179000Z
663,1.24639,1.24642,2250000.0,1000000.0,2018-01-31T13:50:19.233000Z
664,1.24641,1.24642,1200000.0477,1000000.0,2018-01-31T13:50:19.286000Z
665,1.24641,1.24644,1200000.0477,5059999.9428,2018-01-31T13:50:19.391000Z
666,1.24644,1.2464600000000001,1500000.0,1200000.0477,2018-01-31T13:50:19.648000Z
667,1.2464600000000001,1.24648,1200000.0477,6039999.9619,2018-01-31T13:50:19.978000Z
668,1.24644,1.2464600000000001,4949999.8093,1500000.0,2018-01-31T13:50:20.081000Z
669,1.24643,1.24645,1950000.0477,1000000.0,2018-01-31T13:50:20.615000Z
670,1.24643,1.2464600000000001,1870000.0048,1000000.0,2018-01-31T13:50:21.133000Z
671,1.24643,1.24645,1870000.0048,2250000.0,2018-01-31T13:50:22.912000Z
672,1.24643,1.2464600000000001,2250000.0,5289999.9619,2018-01-31T13:50:23.509000Z
673,1.24645,1.2464600000000001,1870000.0048,1000000.0,2018-01-31T13:50:23.562000Z
674,1.2464600000000001,1.24648,1200000.0477,2250000.0,2018-01-31T13:50:23.616000Z
675,1.2464600000000001,1.24648,1500000.0,1000000.0,2018-01-31T13:50:24.136000Z
676,1.2464600000000001,1.24648,1870000.0048,1500000.0,2018-01-31T13:50:24.884000Z
677,1.24648,1.24649,1000000.0,1500000.0,2018-01-31T13:50:24.989000Z
678,1.24648,1.2465000000000002,1000000.0,4500000.0,2018-01-31T13:50:25.195000Z
679,1.2465000000000002,1.24651,2319999.9332,1500000.0,2018-01-31T13:50:25.428000Z
680,1.2465000000000002,1.24653,3069999.9332,1690000.0572,2018-01-31T13:50:25.482000Z
681,1.2465000000000002,1.24654,3819999.9332,3559999.9428,2018-01-31T13:50:26.192000Z
682,1.24651,1.24654,2700000.0477,1500000.0,2018-01-31T13:50:26.245000Z
683,1.2465600000000001,1.24658,1500000.0,1500000.0,2018-01-31T13:50:26.576000Z
684,1.24654,1.2465700000000002,3069999.9332,2849999.9046,2018-01-31T13:50:26.782000Z
685,1.24654,1.2465600000000001,2319999.9332,1250000.0,2018-01-31T13:50:27.308000Z
686,1.24653,1.24655,1200000.0477,1690000.0572,2018-01-31T13:50:27.940000Z
687,1.24651,1.24654,3069999.9332,1000000.0,2018-01-31T13:50:28.133000Z
688,1.24652,1.24655,1950000.0477,3940000.0572,2018-01-31T13:50:28.668000Z
689,1.24651,1.24653,1870000.0048,5139999.8665,2018-01-31T13:50:29.213000Z
690,1.24651,1.24652,1950000.0477,1000000.0,2018-01-31T13:50:30.147000Z
691,1.24651,1.24653,2700000.0477,3640000.1049,2018-01-31T13:50:32.084000Z
692,1.24652,1.24654,1870000.0048,1000000.0,2018-01-31T13:50:32.670000Z
693,1.24651,1.24654,1570000.0525,4239999.7711,2018-01-31T13:50:33.279000Z
694,1.24651,1.24653,1570000.0525,1000000.0,2018-01-31T13:50:33.858000Z
695,1.24653,1.24655,1870000.0048,1120000.0048,2018-01-31T13:50:37.237000Z
696,1.24653,1.2465600000000001,2319999.9332,5440000.0572,2018-01-31T13:50:37.772000Z
697,1.24653,1.24655,1200000.0477,1120000.0048,2018-01-31T13:50:38.335000Z
698,1.24653,1.24654,1200000.0477,1000000.0,2018-01-31T13:50:40.922000Z
699,1.24653,1.24655,1120000.0048,2440000.0572,2018-01-31T13:50:41.455000Z
700,1.2465000000000002,1.24651,2700000.0477,2099999.9046,2018-01-31T13:50:41.846000Z
701,1.24648,1.24651,2250000.0,4690000.0572,2018-01-31T13:50:41.901000Z
702,1.24648,1.24649,1000000.0,2319999.9332,2018-01-31T13:50:41.953000Z
703,1.24645,1.24648,3069999.9332,1500000.0,2018-01-31T13:50:42.112000Z
704,1.24648,1.2465000000000002,1120000.0048,1500000.0,2018-01-31T13:50:42.218000Z
705,1.24649,1.24652,1120000.0048,4239999.7711,2018-01-31T13:50:42.741000Z
706,1.24649,1.24651,4500000.0,1000000.0,2018-01-31T13:50:43.245000Z
707,1.24649,1.24652,1950000.0477,1500000.0,2018-01-31T13:50:43.772000Z
708,1.24649,1.24651,2700000.0477,1000000.0,2018-01-31T13:50:44.788000Z
709,1.24649,1.24652,1950000.0477,1000000.0,2018-01-31T13:50:45.361000Z
710,1.24649,1.24651,3069999.9332,1000000.0,2018-01-31T13:50:46.595000Z
711,1.24649,1.24652,2319999.9332,1000000.0,2018-01-31T13:50:47.153000Z
712,1.24649,1.24651,6070000.1717,1000000.0,2018-01-31T13:50:47.736000Z
713,1.24649,1.24652,4570000.1717,1000000.0,2018-01-31T13:50:48.266000Z
714,1.24651,1.24654,2700000.0477,1690000.0572,2018-01-31T13:50:48.579000Z
715,1.24651,1.24654,2619999.8856,6039999.9619,2018-01-31T13:50:49.207000Z
716,1.24651,1.24653,1120000.0048,1000000.0,2018-01-31T13:50:49.782000Z
717,1.24651,1.24653,1370000.0048,1500000.0,2018-01-31T13:50:50.492000Z
718,1.24649,1.24652,1250000.0,3299999.9523,2018-01-31T13:50:51.309000Z
719,1.2464700000000002,1.2465000000000002,1000000.0,6300000.1907,2018-01-31T13:50:51.413000Z
720,1.2464600000000001,1.24649,1870000.0048,1250000.0,2018-01-31T13:50:51.932000Z
721,1.2464600000000001,1.24648,1870000.0048,1000000.0,2018-01-31T13:50:52.893000Z
722,1.24645,1.24649,1870000.0048,1610000.0143,2018-01-31T13:50:53.410000Z
723,1.2464700000000002,1.24649,1000000.0,6820000.1717,2018-01-31T13:50:54.029000Z
724,1.24645,1.24649,1870000.0048,6820000.1717,2018-01-31T13:50:54.192000Z
725,1.24645,1.2464700000000002,1870000.0048,1000000.0,2018-01-31T13:50:54.817000Z
726,1.24645,1.24648,1120000.0048,1120000.0048,2018-01-31T13:50:55.396000Z
727,1.24645,1.2464700000000002,1870000.0048,1000000.0,2018-01-31T13:50:56.650000Z
728,1.24645,1.24648,1120000.0048,1690000.0572,2018-01-31T13:50:57.155000Z
729,1.24644,1.2464600000000001,1000000.0,3190000.0572,2018-01-31T13:50:57.478000Z
730,1.24641,1.24644,3069999.9332,1500000.0,2018-01-31T13:50:57.787000Z
731,1.24641,1.24644,1000000.0,3039999.9619,2018-01-31T13:50:58.385000Z
732,1.24641,1.24644,2250000.0,3450000.0477,2018-01-31T13:50:59.475000Z
733,1.24644,1.24645,1500000.0,4570000.1717,2018-01-31T13:50:59.529000Z
734,1.24644,1.2464700000000002,5619999.8856,1120000.0048,2018-01-31T13:50:59.582000Z
735,1.24645,1.24648,1500000.0,1570000.0525,2018-01-31T13:51:00.098000Z
736,1.2464600000000001,1.24648,1000000.0,1100000.0238,2018-01-31T13:51:00.612000Z
737,1.2464600000000001,1.24649,1120000.0048,1570000.0525,2018-01-31T13:51:01.162000Z
738,1.2464600000000001,1.24649,7500000.0,1200000.0477,2018-01-31T13:51:01.918000Z
739,1.24651,1.24652,1000000.0,2250000.0,2018-01-31T13:51:03.651000Z
740,1.24653,1.24654,1120000.0048,1100000.0238,2018-01-31T13:51:03.768000Z
741,1.24653,1.2465600000000001,1000000.0,1870000.0048,2018-01-31T13:51:03.976000Z
742,1.24652,1.24654,4199999.8093,1000000.0,2018-01-31T13:51:04.445000Z
743,1.24652,1.2465600000000001,3450000.0477,2359999.8951,2018-01-31T13:51:04.984000Z
744,1.24652,1.2465600000000001,3450000.0477,1289999.9619,2018-01-31T13:51:10.119000Z
745,1.24654,1.2465600000000001,4500000.0,1500000.0,2018-01-31T13:51:10.478000Z
746,1.24654,1.2465700000000002,1870000.0048,1690000.0572,2018-01-31T13:51:11.066000Z
747,1.2465600000000001,1.24658,1370000.0048,2250000.0,2018-01-31T13:51:11.428000Z
748,1.24655,1.24658,1500000.0,4050000.1907,2018-01-31T13:51:11.966000Z
749,1.24655,1.24658,1120000.0048,3599999.9046,2018-01-31T13:51:12.662000Z
750,1.24655,1.24658,1500000.0,1350000.0238,2018-01-31T13:51:14.010000Z
751,1.24655,1.24658,1500000.0,3789999.9619,2018-01-31T13:51:15.301000Z
752,1.24655,1.24658,1000000.0,2660000.0858,2018-01-31T13:51:16.496000Z
753,1.24655,1.2465600000000001,1120000.0048,1000000.0,2018-01-31T13:51:19.081000Z
754,1.24655,1.24659,3750000.0,4500000.0,2018-01-31T13:51:19.352000Z
755,1.24655,1.2465700000000002,2470000.0286,1000000.0,2018-01-31T13:51:19.834000Z
756,1.24654,1.24658,6070000.1717,1720000.0286,2018-01-31T13:51:20.425000Z
757,1.24654,1.24658,6150000.0954,4420000.0763,2018-01-31T13:51:20.951000Z
758,1.24654,1.24658,6150000.0954,4420000.0763,2018-01-31T13:51:21.498000Z
759,1.24654,1.24658,6150000.0954,4420000.0763,2018-01-31T13:51:22.293000Z
760,1.24654,1.24659,9640000.3433,8170000.0763,2018-01-31T13:51:22.873000Z
761,1.24652,1.24655,1000000.0,1000000.0,2018-01-31T13:51:23.220000Z
762,1.24654,1.2465600000000001,8619999.8856,1200000.0477,2018-01-31T13:51:23.633000Z
763,1.2465600000000001,1.2465700000000002,1000000.0,1000000.0,2018-01-31T13:51:23.968000Z
764,1.24658,1.2466000000000002,1120000.0048,5320000.1717,2018-01-31T13:51:24.284000Z
765,1.24662,1.24663,4500000.0,1000000.0,2018-01-31T13:51:24.337000Z
766,1.24663,1.24665,1200000.0477,1500000.0,2018-01-31T13:51:24.443000Z
767,1.24662,1.24664,1200000.0477,1500000.0,2018-01-31T13:51:24.563000Z
768,1.24661,1.24662,1200000.0477,1250000.0,2018-01-31T13:51:24.617000Z
769,1.24659,1.24662,3369999.8856,1000000.0,2018-01-31T13:51:24.670000Z
770,1.24658,1.2466000000000002,1120000.0048,3000000.0,2018-01-31T13:51:24.775000Z
771,1.24655,1.24659,1419999.9571,2470000.0286,2018-01-31T13:51:24.933000Z
772,1.24654,1.24659,9520000.4578,5619999.8856,2018-01-31T13:51:25.090000Z
773,1.24653,1.24655,5250000.0,3369999.8856,2018-01-31T13:51:25.339000Z
774,1.2465000000000002,1.24653,2250000.0,1500000.0,2018-01-31T13:51:25.391000Z
775,1.24651,1.24652,1500000.0,1000000.0,2018-01-31T13:51:25.911000Z
776,1.2465000000000002,1.24653,5769999.9809,1000000.0,2018-01-31T13:51:26.827000Z
777,1.24651,1.24653,1200000.0477,2099999.9046,2018-01-31T13:51:27.328000Z
778,1.24651,1.24652,1000000.0,1000000.0,2018-01-31T13:51:28.161000Z
779,1.24651,1.24655,6369999.8856,3000000.0,2018-01-31T13:51:28.266000Z
780,1.24652,1.24654,1870000.0048,1000000.0,2018-01-31T13:51:28.860000Z
781,1.24654,1.24655,3000000.0,1000000.0,2018-01-31T13:51:29.015000Z
782,1.24654,1.2465700000000002,4500000.0,1120000.0048,2018-01-31T13:51:29.120000Z
783,1.24653,1.2465600000000001,1200000.0477,2250000.0,2018-01-31T13:51:29.623000Z
784,1.24653,1.24655,1500000.0,1000000.0,2018-01-31T13:51:30.453000Z
785,1.24654,1.2465700000000002,5019999.9809,1000000.0,2018-01-31T13:51:30.562000Z
786,1.24653,1.24655,1000000.0,2619999.8856,2018-01-31T13:51:31.090000Z
787,1.2465000000000002,1.24654,5619999.8856,1870000.0048,2018-01-31T13:51:31.141000Z
788,1.2465000000000002,1.24653,4199999.8093,1000000.0,2018-01-31T13:51:32.348000Z
789,1.2465000000000002,1.24654,1799999.9523,1870000.0048,2018-01-31T13:51:33.017000Z
790,1.2465000000000002,1.24653,6110000.1335,1000000.0,2018-01-31T13:51:36.421000Z
791,1.24652,1.24653,1000000.0,1000000.0,2018-01-31T13:51:38.176000Z
792,1.24651,1.24654,4869999.8856,3750000.0,2018-01-31T13:51:38.696000Z
793,1.2465000000000002,1.24653,6820000.1717,1000000.0,2018-01-31T13:51:39.220000Z
794,1.24655,1.2465600000000001,1500000.0,1500000.0,2018-01-31T13:51:39.582000Z
795,1.2465600000000001,1.24658,7690000.0572,1000000.0,2018-01-31T13:51:39.697000Z
796,1.2465700000000002,1.2466000000000002,4949999.8093,1120000.0048,2018-01-31T13:51:39.750000Z
797,1.24662,1.24664,2250000.0,1000000.0,2018-01-31T13:51:40.099000Z
798,1.24665,1.24666,2250000.0,1000000.0,2018-01-31T13:51:40.960000Z
799,1.24664,1.24668,6260000.2289,1690000.0572,2018-01-31T13:51:41.012000Z
800,1.24663,1.24665,4199999.8093,1000000.0,2018-01-31T13:51:41.168000Z
801,1.24661,1.24665,3450000.0477,1690000.0572,2018-01-31T13:51:41.272000Z
802,1.24662,1.2466700000000002,1570000.0525,4159999.8474,2018-01-31T13:51:41.534000Z
803,1.24662,1.24666,3450000.0477,1000000.0,2018-01-31T13:51:42.332000Z
804,1.24662,1.24664,1200000.0477,1000000.0,2018-01-31T13:51:42.649000Z
805,1.24659,1.24663,1000000.0,1870000.0048,2018-01-31T13:51:42.862000Z
806,1.2466000000000002,1.24662,1000000.0,1000000.0,2018-01-31T13:51:43.381000Z
807,1.24659,1.24662,6750000.0,1000000.0,2018-01-31T13:51:43.948000Z
808,1.24658,1.24661,1100000.0238,5059999.9428,2018-01-31T13:51:44.107000Z
809,1.2465600000000001,1.2466000000000002,6670000.0763,1000000.0,2018-01-31T13:51:44.780000Z
810,1.24655,1.24658,6519999.9809,1000000.0,2018-01-31T13:51:45.227000Z
811,1.24654,1.2465700000000002,1350000.0238,1690000.0572,2018-01-31T13:51:45.645000Z
812,1.24654,1.2465600000000001,1500000.0,1000000.0,2018-01-31T13:51:46.182000Z
813,1.24654,1.2465700000000002,1169999.9571,3369999.8856,2018-01-31T13:51:46.751000Z
814,1.24652,1.2465700000000002,7420000.0763,1000000.0,2018-01-31T13:51:47.599000Z
815,1.24652,1.24655,1100000.0238,3369999.8856,2018-01-31T13:51:47.760000Z
816,1.24641,1.24645,2250000.0,1000000.0,2018-01-31T13:51:48.052000Z
817,1.2464,1.24644,2319999.9332,1000000.0,2018-01-31T13:51:48.569000Z
818,1.24639,1.24644,8100000.3815,2319999.9332,2018-01-31T13:51:49.092000Z
819,1.24639,1.24642,5849999.9046,1000000.0,2018-01-31T13:51:49.144000Z
820,1.2464,1.24642,1000000.0,1000000.0,2018-01-31T13:51:49.843000Z
821,1.24641,1.24644,3000000.0,1570000.0525,2018-01-31T13:51:50.051000Z
822,1.24643,1.24644,2250000.0,1500000.0,2018-01-31T13:51:50.103000Z
823,1.24644,1.2464700000000002,1000000.0,2319999.9332,2018-01-31T13:51:50.157000Z
824,1.24645,1.2464700000000002,1000000.0,1120000.0048,2018-01-31T13:51:50.665000Z
825,1.24644,1.2464600000000001,3750000.0,1000000.0,2018-01-31T13:51:51.241000Z
826,1.24645,1.2464600000000001,1000000.0,1000000.0,2018-01-31T13:51:51.755000Z
827,1.24644,1.2464600000000001,4500000.0,1000000.0,2018-01-31T13:51:52.298000Z
828,1.24645,1.2464700000000002,1000000.0,1000000.0,2018-01-31T13:51:52.836000Z
829,1.24644,1.2464700000000002,4130000.1144,1000000.0,2018-01-31T13:51:53.589000Z
830,1.2464600000000001,1.24648,1000000.0,1000000.0,2018-01-31T13:51:53.828000Z
831,1.24645,1.24648,1200000.0477,2619999.8856,2018-01-31T13:51:54.691000Z
832,1.24643,1.24648,4349999.9046,3819999.9332,2018-01-31T13:51:54.796000Z
833,1.24643,1.2464600000000001,4349999.9046,1000000.0,2018-01-31T13:51:54.848000Z
834,1.24643,1.24644,1570000.0525,3750000.0,2018-01-31T13:51:55.245000Z
835,1.2464,1.24644,4570000.1717,4389999.8665,2018-01-31T13:51:55.298000Z
836,1.2464,1.24644,1570000.0525,1009999.9905,2018-01-31T13:51:55.838000Z
837,1.24641,1.24645,1950000.0477,5139999.8665,2018-01-31T13:51:57.875000Z
838,1.24641,1.24645,3940000.0572,2250000.0,2018-01-31T13:51:58.475000Z
839,1.24642,1.24645,1000000.0,1120000.0048,2018-01-31T13:51:59.519000Z
840,1.24641,1.24645,3369999.8856,1389999.9857,2018-01-31T13:52:00.089000Z
841,1.2464,1.24644,2849999.9046,1000000.0,2018-01-31T13:52:00.684000Z
842,1.24643,1.24645,1500000.0,5139999.8665,2018-01-31T13:52:01.449000Z
843,1.24644,1.2464600000000001,12640000.3433,1250000.0,2018-01-31T13:52:01.863000Z
844,1.2464700000000002,1.24649,1250000.0,1389999.9857,2018-01-31T13:52:01.915000Z
845,1.24649,1.2465000000000002,3000000.0,1309999.9428,2018-01-31T13:52:02.021000Z
846,1.2465000000000002,1.24652,1870000.0048,1250000.0,2018-01-31T13:52:02.251000Z
847,1.24648,1.24652,7800000.1907,8699999.8093,2018-01-31T13:52:03.427000Z
848,1.2464600000000001,1.2465000000000002,5019999.9809,1120000.0048,2018-01-31T13:52:03.529000Z
849,1.2464600000000001,1.2465000000000002,4800000.1907,2140000.1049,2018-01-31T13:52:04.081000Z
850,1.2464600000000001,1.24648,2619999.8856,1250000.0,2018-01-31T13:52:04.420000Z
851,1.2464600000000001,1.24649,2619999.8856,2250000.0,2018-01-31T13:52:05.194000Z
852,1.24648,1.2465000000000002,1000000.0,1759999.9905,2018-01-31T13:52:05.903000Z
853,1.24649,1.24652,5250000.0,2700000.0477,2018-01-31T13:52:06.057000Z
854,1.24648,1.24649,3000000.0,2440000.0572,2018-01-31T13:52:06.364000Z
855,1.2464700000000002,1.24648,1000000.0,1250000.0,2018-01-31T13:52:06.671000Z
856,1.24645,1.2464700000000002,1870000.0048,1250000.0,2018-01-31T13:52:07.761000Z
857,1.2464600000000001,1.2464700000000002,1000000.0,1250000.0,2018-01-31T13:52:08.404000Z
858,1.24649,1.2465000000000002,1000000.0,3259999.9905,2018-01-31T13:52:08.677000Z
859,1.2465000000000002,1.24651,1000000.0,1250000.0,2018-01-31T13:52:08.834000Z
860,1.24649,1.24652,4309999.9428,1250000.0,2018-01-31T13:52:09.405000Z
861,1.24651,1.24652,1000000.0,1250000.0,2018-01-31T13:52:11.084000Z
862,1.24651,1.24654,2250000.0,6260000.2289,2018-01-31T13:52:11.188000Z
863,1.24653,1.24654,2250000.0,1000000.0,2018-01-31T13:52:11.699000Z
864,1.24653,1.2465700000000002,4690000.0572,4949999.8093,2018-01-31T13:52:11.750000Z
865,1.24655,1.24658,4500000.0,1009999.9905,2018-01-31T13:52:12.247000Z
866,1.24654,1.2465700000000002,2250000.0,1570000.0525,2018-01-31T13:52:12.771000Z
867,1.24654,1.24658,6070000.1717,2890000.1049,2018-01-31T13:52:16.572000Z
868,1.24655,1.24658,1000000.0,1000000.0,2018-01-31T13:52:17.177000Z
869,1.24654,1.24658,4500000.0,1000000.0,2018-01-31T13:52:17.741000Z
870,1.2465700000000002,1.24659,1000000.0,1000000.0,2018-01-31T13:52:18.052000Z
871,1.2465600000000001,1.24659,7199999.8093,1250000.0,2018-01-31T13:52:18.569000Z
872,1.2465600000000001,1.24659,7760000.2289,1250000.0,2018-01-31T13:52:19.462000Z
873,1.2465600000000001,1.24659,3819999.9332,1000000.0,2018-01-31T13:52:19.977000Z
874,1.24653,1.24655,4199999.8093,3369999.8856,2018-01-31T13:52:20.311000Z
875,1.24651,1.24654,3000000.0,1000000.0,2018-01-31T13:52:20.422000Z
876,1.2465000000000002,1.24655,4159999.8474,4989999.7711,2018-01-31T13:52:21.356000Z
877,1.2465000000000002,1.24654,3000000.0,1120000.0048,2018-01-31T13:52:21.888000Z
878,1.24651,1.24655,1000000.0,8739999.7711,2018-01-31T13:52:22.415000Z
879,1.2465000000000002,1.24651,1000000.0,2250000.0,2018-01-31T13:52:23.732000Z
880,1.2464700000000002,1.24649,1000000.0,5250000.0,2018-01-31T13:52:23.838000Z
881,1.2464600000000001,1.24648,1500000.0,1000000.0,2018-01-31T13:52:24.113000Z
882,1.2464600000000001,1.24648,3450000.0477,1000000.0,2018-01-31T13:52:25.404000Z
883,1.2464700000000002,1.24649,1000000.0,1000000.0,2018-01-31T13:52:25.717000Z
884,1.24649,1.2465000000000002,7119999.8856,1000000.0,2018-01-31T13:52:26.067000Z
885,1.24652,1.24653,1000000.0,1200000.0477,2018-01-31T13:52:26.151000Z
886,1.24652,1.24654,4949999.8093,1000000.0,2018-01-31T13:52:26.309000Z
887,1.2465600000000001,1.2465700000000002,1000000.0,1250000.0,2018-01-31T13:52:26.416000Z
888,1.2465700000000002,1.24658,3750000.0,1250000.0,2018-01-31T13:52:26.470000Z
889,1.24659,1.2466000000000002,1000000.0,1250000.0,2018-01-31T13:52:26.524000Z
890,1.2466000000000002,1.24663,1120000.0048,1000000.0,2018-01-31T13:52:26.578000Z
891,1.2466000000000002,1.24662,7010000.2289,1000000.0,2018-01-31T13:52:26.631000Z
892,1.24662,1.24663,1500000.0,1250000.0,2018-01-31T13:52:26.934000Z
893,1.2466000000000002,1.24662,1570000.0525,1000000.0,2018-01-31T13:52:27.294000Z
894,1.2466000000000002,1.24662,1100000.0238,1250000.0,2018-01-31T13:52:27.815000Z
895,1.24661,1.24662,1000000.0,1250000.0,2018-01-31T13:52:28.349000Z
896,1.24664,1.24666,1200000.0477,1500000.0,2018-01-31T13:52:28.759000Z
897,1.24663,1.24665,1100000.0238,1000000.0,2018-01-31T13:52:29.285000Z
898,1.24662,1.24666,2700000.0477,1250000.0,2018-01-31T13:52:29.786000Z
899,1.24662,1.24666,5170000.0763,1870000.0048,2018-01-31T13:52:30.298000Z
900,1.24662,1.24665,5889999.8665,1250000.0,2018-01-31T13:52:31.825000Z
901,1.24662,1.24666,1950000.0477,1120000.0048,2018-01-31T13:52:32.377000Z
902,1.24663,1.24666,1000000.0,1250000.0,2018-01-31T13:52:33.913000Z
903,1.24662,1.24666,1950000.0477,1250000.0,2018-01-31T13:52:34.490000Z
904,1.24663,1.24666,1000000.0,1250000.0,2018-01-31T13:52:35.079000Z
905,1.24662,1.24665,1500000.0,1120000.0048,2018-01-31T13:52:35.615000Z
906,1.2466000000000002,1.24662,1950000.0477,1000000.0,2018-01-31T13:52:35.771000Z
907,1.24659,1.24662,3000000.0,1000000.0,2018-01-31T13:52:35.929000Z
908,1.2465700000000002,1.2466000000000002,1570000.0525,1000000.0,2018-01-31T13:52:36.057000Z
909,1.2465600000000001,1.24658,1500000.0,1000000.0,2018-01-31T13:52:36.365000Z
910,1.2465600000000001,1.24658,1000000.0,1000000.0,2018-01-31T13:52:36.880000Z
911,1.2465600000000001,1.2465700000000002,1120000.0048,1500000.0,2018-01-31T13:52:37.787000Z
912,1.24652,1.24655,3369999.8856,1120000.0048,2018-01-31T13:52:37.890000Z
913,1.24651,1.24653,3819999.9332,1000000.0,2018-01-31T13:52:37.942000Z
914,1.24651,1.24654,1000000.0,1690000.0572,2018-01-31T13:52:38.487000Z
915,1.24651,1.24653,3259999.9905,1250000.0,2018-01-31T13:52:41.401000Z
916,1.2465000000000002,1.24653,3490000.0095,1250000.0,2018-01-31T13:52:41.920000Z
917,1.24651,1.24654,2140000.1049,1309999.9428,2018-01-31T13:52:42.229000Z
918,1.24651,1.24654,1950000.0477,1309999.9428,2018-01-31T13:52:42.946000Z
919,1.24654,1.2465600000000001,1500000.0,3940000.0572,2018-01-31T13:52:43.175000Z
920,1.24653,1.24655,2509999.9905,1250000.0,2018-01-31T13:52:43.745000Z
921,1.24653,1.2465600000000001,1570000.0525,1250000.0,2018-01-31T13:52:44.696000Z
922,1.24653,1.2465600000000001,1470000.0286,1250000.0,2018-01-31T13:52:46.138000Z
923,1.24653,1.2465600000000001,3450000.0477,1000000.0,2018-01-31T13:52:46.674000Z
924,1.24653,1.24655,4570000.1717,1000000.0,2018-01-31T13:52:47.214000Z
925,1.2465600000000001,1.24658,3339999.9142,1250000.0,2018-01-31T13:52:47.520000Z
926,1.24658,1.24663,5920000.0763,2809999.9428,2018-01-31T13:52:47.687000Z
927,1.24659,1.24662,1950000.0477,1690000.0572,2018-01-31T13:52:48.298000Z
928,1.24659,1.24662,1950000.0477,1000000.0,2018-01-31T13:52:50.276000Z
929,1.2466000000000002,1.24662,1200000.0477,1000000.0,2018-01-31T13:52:50.817000Z
930,1.24658,1.24659,3750000.0,1000000.0,2018-01-31T13:52:51.314000Z
931,1.24655,1.24659,4570000.1717,1250000.0,2018-01-31T13:52:51.468000Z
932,1.24655,1.24659,2319999.9332,1190000.0572,2018-01-31T13:52:52.007000Z
933,1.24654,1.2465600000000001,3069999.9332,1500000.0,2018-01-31T13:52:52.327000Z
934,1.24651,1.24654,2319999.9332,1000000.0,2018-01-31T13:52:52.379000Z
935,1.24651,1.24653,2700000.0477,1250000.0,2018-01-31T13:52:52.897000Z
936,1.24653,1.2465600000000001,2140000.1049,4309999.9428,2018-01-31T13:52:53.499000Z
937,1.24655,1.2465600000000001,1120000.0048,1000000.0,2018-01-31T13:52:54.021000Z
938,1.2465600000000001,1.2465700000000002,1000000.0,1000000.0,2018-01-31T13:52:54.761000Z
939,1.24654,1.2465700000000002,6449999.8093,1000000.0,2018-01-31T13:52:55.298000Z
940,1.24654,1.2465600000000001,4949999.8093,1000000.0,2018-01-31T13:52:55.807000Z
941,1.24655,1.2465600000000001,1200000.0477,1000000.0,2018-01-31T13:52:56.318000Z
942,1.24654,1.2465600000000001,1000000.0,1309999.9428,2018-01-31T13:52:56.371000Z
943,1.24651,1.24655,1200000.0477,3190000.0572,2018-01-31T13:52:56.588000Z
944,1.24651,1.24655,1700000.0477,2619999.8856,2018-01-31T13:52:57.290000Z
945,1.24651,1.24653,1570000.0525,1000000.0,2018-01-31T13:52:57.700000Z
946,1.24651,1.24654,2319999.9332,1500000.0,2018-01-31T13:52:58.217000Z
947,1.24651,1.24654,1200000.0477,1000000.0,2018-01-31T13:52:59.380000Z
948,1.24652,1.24654,2700000.0477,1250000.0,2018-01-31T13:52:59.696000Z
949,1.24652,1.24654,1450000.0477,1250000.0,2018-01-31T13:53:00.491000Z
950,1.24652,1.24654,1200000.0477,1000000.0,2018-01-31T13:53:01.232000Z
951,1.24651,1.24653,1450000.0477,1000000.0,2018-01-31T13:53:01.749000Z
952,1.24651,1.24653,1200000.0477,1000000.0,2018-01-31T13:53:02.270000Z
953,1.2465000000000002,1.24651,1950000.0477,5619999.8856,2018-01-31T13:53:02.687000Z
954,1.24648,1.24651,1200000.0477,7119999.8856,2018-01-31T13:53:03.035000Z
955,1.24648,1.2465000000000002,1200000.0477,1309999.9428,2018-01-31T13:53:03.882000Z
956,1.24649,1.24651,1120000.0048,1500000.0,2018-01-31T13:53:06.876000Z
957,1.24649,1.2465000000000002,1950000.0477,1250000.0,2018-01-31T13:53:07.519000Z
958,1.24651,1.24652,1120000.0048,1250000.0,2018-01-31T13:53:07.831000Z
959,1.24653,1.24654,2400000.0954,1120000.0048,2018-01-31T13:53:08.153000Z
960,1.24652,1.24654,1200000.0477,1309999.9428,2018-01-31T13:53:08.675000Z
961,1.24653,1.24654,1120000.0048,1000000.0,2018-01-31T13:53:09.934000Z
962,1.24654,1.2465600000000001,1000000.0,1690000.0572,2018-01-31T13:53:10.038000Z
963,1.24654,1.24655,3000000.0,1250000.0,2018-01-31T13:53:10.540000Z
964,1.24654,1.2465600000000001,1950000.0477,1690000.0572,2018-01-31T13:53:11.058000Z
965,1.24653,1.24654,5619999.8856,2250000.0,2018-01-31T13:53:11.162000Z
966,1.2464600000000001,1.2464700000000002,13760000.2289,1000000.0,2018-01-31T13:53:11.214000Z
967,1.24638,1.24641,1539999.9619,1000000.0,2018-01-31T13:53:11.267000Z
968,1.2464,1.24642,1370000.0048,4500000.0,2018-01-31T13:53:11.375000Z
969,1.24641,1.24644,1120000.0048,1539999.9619,2018-01-31T13:53:11.706000Z
970,1.24642,1.24644,1120000.0048,3369999.8856,2018-01-31T13:53:12.387000Z
971,1.24641,1.24643,1000000.0,1000000.0,2018-01-31T13:53:12.997000Z
972,1.24641,1.24644,2700000.0477,2250000.0,2018-01-31T13:53:13.518000Z
973,1.24639,1.24641,3069999.9332,1500000.0,2018-01-31T13:53:13.895000Z
974,1.2463700000000002,1.24639,1000000.0,2440000.0572,2018-01-31T13:53:14.206000Z
975,1.2463700000000002,1.24638,1870000.0048,1250000.0,2018-01-31T13:53:14.721000Z
976,1.2463600000000001,1.24638,1950000.0477,1250000.0,2018-01-31T13:53:15.258000Z
977,1.24638,1.2464,1870000.0048,1250000.0,2018-01-31T13:53:16.158000Z
978,1.2463600000000001,1.24639,2319999.9332,3559999.9428,2018-01-31T13:53:16.445000Z
979,1.2463600000000001,1.24638,1200000.0477,3559999.9428,2018-01-31T13:53:16.961000Z
980,1.24635,1.2463600000000001,2319999.9332,1500000.0,2018-01-31T13:53:18.129000Z
981,1.24634,1.24635,2630000.1144,1500000.0,2018-01-31T13:53:18.182000Z
982,1.2463700000000002,1.24639,2430000.0668,3369999.8856,2018-01-31T13:53:18.336000Z
983,1.24638,1.2464,1200000.0477,4309999.9428,2018-01-31T13:53:18.854000Z
984,1.24638,1.24641,3750000.0,3940000.0572,2018-01-31T13:53:19.473000Z
985,1.24638,1.24641,10609999.6567,1250000.0,2018-01-31T13:53:19.988000Z
986,1.24638,1.24639,2319999.9332,1000000.0,2018-01-31T13:53:20.092000Z
987,1.2463700000000002,1.24639,1120000.0048,1250000.0,2018-01-31T13:53:20.145000Z
988,1.2463700000000002,1.2464,1000000.0,2619999.8856,2018-01-31T13:53:20.665000Z
989,1.2463700000000002,1.2464,4599999.9046,1120000.0048,2018-01-31T13:53:21.328000Z
990,1.24638,1.24642,1950000.0477,2619999.8856,2018-01-31T13:53:21.554000Z
991,1.24639,1.24644,8439999.5804,5619999.8856,2018-01-31T13:53:21.920000Z
992,1.24639,1.24644,10390000.3433,5250000.0,2018-01-31T13:53:22.339000Z
993,1.24641,1.24644,1000000.0,6369999.8856,2018-01-31T13:53:23.831000Z
994,1.2464,1.24644,1950000.0477,4500000.0,2018-01-31T13:53:24.485000Z
995,1.24641,1.24644,1000000.0,7500000.0,2018-01-31T13:53:26.364000Z
996,1.24641,1.24644,1870000.0048,3559999.9428,2018-01-31T13:53:26.518000Z
997,1.24642,1.2464600000000001,3559999.9428,3369999.8856,2018-01-31T13:53:28.017000Z
998,1.24644,1.2464600000000001,1500000.0,1000000.0,2018-01-31T13:53:28.071000Z
999,1.24645,1.2464700000000002,1120000.0048,2250000.0,2018-01-31T13:53:28.598000Z
1000,1.24644,1.2464700000000002,2250000.0,1440000.0572,2018-01-31T13:53:30.734000Z
1001,1.24644,1.24645,1100000.0238,3559999.9428,2018-01-31T13:53:33.196000Z
1002,1.24641,1.24642,1000000.0,1000000.0,2018-01-31T13:53:33.299000Z
1003,1.2464,1.24643,3000000.0,3190000.0572,2018-01-31T13:53:33.830000Z
1004,1.2464,1.24642,3000000.0,1000000.0,2018-01-31T13:53:34.784000Z
1005,1.2464,1.24643,2250000.0,1000000.0,2018-01-31T13:53:35.298000Z
1006,1.24641,1.24644,1309999.9428,1120000.0048,2018-01-31T13:53:35.800000Z
1007,1.2464,1.24641,1200000.0477,2619999.8856,2018-01-31T13:53:36.077000Z
1008,1.2463600000000001,1.24639,3750000.0,1000000.0,2018-01-31T13:53:36.182000Z
1009,1.2463600000000001,1.24638,1000000.0,1000000.0,2018-01-31T13:53:37.631000Z
1010,1.24635,1.24638,1570000.0525,1250000.0,2018-01-31T13:53:38.843000Z
1011,1.2463600000000001,1.24638,1000000.0,1690000.0572,2018-01-31T13:53:39.495000Z
1012,1.24635,1.24638,1759999.9905,1250000.0,2018-01-31T13:53:40.090000Z
1013,1.24639,1.24641,1000000.0,4199999.8093,2018-01-31T13:53:40.405000Z
1014,1.2463700000000002,1.24641,1500000.0,5809999.9428,2018-01-31T13:53:40.509000Z
1015,1.2463700000000002,1.2464,1690000.0572,1870000.0048,2018-01-31T13:53:40.612000Z
1016,1.2463700000000002,1.2464,1500000.0,3940000.0572,2018-01-31T13:53:41.361000Z
1017,1.2464,1.24643,1200000.0477,3369999.8856,2018-01-31T13:53:41.676000Z
1018,1.2464,1.24645,7389999.8665,5250000.0,2018-01-31T13:53:42.177000Z
1019,1.24641,1.24644,2849999.9046,1000000.0,2018-01-31T13:53:42.694000Z
1020,1.24642,1.2464600000000001,1950000.0477,1950000.0477,2018-01-31T13:53:43.372000Z
1021,1.24644,1.2464700000000002,7500000.0,1000000.0,2018-01-31T13:53:43.530000Z
1022,1.24645,1.24649,16010000.2289,1200000.0477,2018-01-31T13:53:43.635000Z
1023,1.24649,1.24651,1500000.0,2140000.1049,2018-01-31T13:53:43.688000Z
1024,1.24649,1.24652,10760000.2289,1000000.0,2018-01-31T13:53:43.861000Z
1025,1.24648,1.24651,1100000.0238,1490000.0095,2018-01-31T13:53:44.174000Z
1026,1.24648,1.24651,1950000.0477,1309999.9428,2018-01-31T13:53:44.676000Z
1027,1.24649,1.24651,1000000.0,2059999.9428,2018-01-31T13:53:45.208000Z
1028,1.24648,1.24651,1570000.0525,1250000.0,2018-01-31T13:53:45.727000Z
1029,1.24648,1.2465000000000002,1500000.0,1500000.0,2018-01-31T13:53:46.229000Z
1030,1.24648,1.24651,1500000.0,2809999.9428,2018-01-31T13:53:46.809000Z
1031,1.24648,1.2465000000000002,1500000.0,1000000.0,2018-01-31T13:53:47.349000Z
1032,1.24649,1.24653,2319999.9332,2140000.1049,2018-01-31T13:53:47.663000Z
1033,1.24648,1.24652,2700000.0477,3640000.1049,2018-01-31T13:53:48.271000Z
1034,1.2465000000000002,1.24652,1000000.0,1000000.0,2018-01-31T13:53:48.429000Z
1035,1.2465000000000002,1.24653,1870000.0048,1690000.0572,2018-01-31T13:53:48.975000Z
1036,1.2465000000000002,1.24652,2440000.0572,1000000.0,2018-01-31T13:53:49.629000Z
1037,1.24651,1.24655,2250000.0,10090000.1526,2018-01-31T13:53:49.735000Z
1038,1.24652,1.24654,1000000.0,2059999.9428,2018-01-31T13:53:50.304000Z
1039,1.24651,1.24654,1570000.0525,2809999.9428,2018-01-31T13:53:50.807000Z
1040,1.24653,1.24654,1000000.0,1120000.0048,2018-01-31T13:53:51.174000Z
1041,1.24651,1.24655,1570000.0525,3559999.9428,2018-01-31T13:53:51.537000Z
1042,1.24654,1.2465700000000002,2250000.0,2319999.9332,2018-01-31T13:53:52.095000Z
1043,1.24655,1.2465700000000002,1500000.0,1000000.0,2018-01-31T13:53:52.705000Z
1044,1.24655,1.2465700000000002,3069999.9332,1000000.0,2018-01-31T13:53:53.242000Z
1045,1.2466000000000002,1.24662,1120000.0048,1000000.0,2018-01-31T13:53:53.397000Z
1046,1.24659,1.24662,1120000.0048,8439999.5804,2018-01-31T13:53:53.619000Z
1047,1.2465700000000002,1.24661,1000000.0,5440000.0572,2018-01-31T13:53:53.912000Z
1048,1.2465600000000001,1.24658,1419999.9571,2440000.0572,2018-01-31T13:53:53.967000Z
1049,1.2465600000000001,1.24658,1720000.0286,1690000.0572,2018-01-31T13:53:54.479000Z
1050,1.24659,1.24662,2250000.0,1250000.0,2018-01-31T13:53:54.739000Z
1051,1.2466000000000002,1.24663,2319999.9332,3559999.9428,2018-01-31T13:53:55.267000Z
1052,1.2466000000000002,1.24662,1500000.0,1250000.0,2018-01-31T13:53:55.783000Z
1053,1.24658,1.24662,6070000.1717,2440000.0572,2018-01-31T13:53:56.321000Z
1054,1.2466000000000002,1.24663,7570000.1717,2250000.0,2018-01-31T13:53:56.480000Z
1055,1.24661,1.24664,9449999.8093,2619999.8856,2018-01-31T13:53:56.688000Z
1056,1.24666,1.2466700000000002,1000000.0,1000000.0,2018-01-31T13:53:56.997000Z
1057,1.24666,1.24669,1200000.0477,1870000.0048,2018-01-31T13:53:57.411000Z
1058,1.24666,1.2467000000000001,1570000.0525,4389999.8665,2018-01-31T13:53:58.617000Z
1059,1.24668,1.2467100000000002,1000000.0,5139999.8665,2018-01-31T13:53:58.671000Z
1060,1.24669,1.24674,7760000.2289,8890000.3433,2018-01-31T13:53:58.833000Z
1061,1.2467000000000001,1.24673,1000000.0,3750000.0,2018-01-31T13:53:59.335000Z
1062,1.24669,1.2467100000000002,1500000.0,1500000.0,2018-01-31T13:53:59.720000Z
1063,1.24669,1.24672,1000000.0,5059999.9428,2018-01-31T13:54:00.252000Z
1064,1.24669,1.2467100000000002,2250000.0,1120000.0048,2018-01-31T13:54:01.431000Z
1065,1.24669,1.24672,1570000.0525,1309999.9428,2018-01-31T13:54:02.586000Z
1066,1.2466700000000002,1.2467000000000001,3069999.9332,2809999.9428,2018-01-31T13:54:03.131000Z
1067,1.2467000000000001,1.24672,1000000.0,1950000.0477,2018-01-31T13:54:03.516000Z
1068,1.2467100000000002,1.24674,10199999.8093,1120000.0048,2018-01-31T13:54:03.930000Z
1069,1.2467100000000002,1.24672,1500000.0,1500000.0,2018-01-31T13:54:04.241000Z
1070,1.2467000000000001,1.24672,3369999.8856,1500000.0,2018-01-31T13:54:04.780000Z
1071,1.2467000000000001,1.24672,2250000.0,1000000.0,2018-01-31T13:54:05.296000Z
1072,1.2467100000000002,1.24672,1500000.0,1000000.0,2018-01-31T13:54:08.098000Z
1073,1.24674,1.24676,3369999.8856,8590000.1526,2018-01-31T13:54:09.576000Z
1074,1.24673,1.24676,3190000.0572,3819999.9332,2018-01-31T13:54:09.629000Z
1075,1.24675,1.2467700000000002,2619999.8856,1500000.0,2018-01-31T13:54:09.733000Z
1076,1.2467700000000002,1.24679,2619999.8856,1000000.0,2018-01-31T13:54:10.068000Z
1077,1.24678,1.2468000000000001,2700000.0477,1500000.0,2018-01-31T13:54:10.172000Z
1078,1.2468000000000001,1.24682,5500000.0,1570000.0525,2018-01-31T13:54:10.224000Z
1079,1.2468000000000001,1.2468299999999999,6449999.8093,2619999.8856,2018-01-31T13:54:10.278000Z
1080,1.2468000000000001,1.24682,5320000.1717,1000000.0,2018-01-31T13:54:10.785000Z
1081,1.24678,1.2468100000000002,6820000.1717,4760000.2289,2018-01-31T13:54:11.831000Z
1082,1.2467700000000002,1.24679,1120000.0048,1000000.0,2018-01-31T13:54:11.883000Z
1083,1.24679,1.2468000000000001,3369999.8856,1309999.9428,2018-01-31T13:54:13.210000Z
1084,1.2467700000000002,1.24678,1000000.0,1000000.0,2018-01-31T13:54:13.601000Z
1085,1.24674,1.24676,1100000.0238,1000000.0,2018-01-31T13:54:13.756000Z
1086,1.24672,1.24674,1000000.0,1000000.0,2018-01-31T13:54:13.910000Z
1087,1.2467100000000002,1.24673,2250000.0,1000000.0,2018-01-31T13:54:13.962000Z
1088,1.2467100000000002,1.24673,1200000.0477,1000000.0,2018-01-31T13:54:14.482000Z
1089,1.24672,1.24673,1100000.0238,1000000.0,2018-01-31T13:54:15.074000Z
1090,1.24676,1.2467700000000002,1309999.9428,1690000.0572,2018-01-31T13:54:15.419000Z
1091,1.24676,1.24678,1120000.0048,2059999.9428,2018-01-31T13:54:15.953000Z
1092,1.24675,1.2467700000000002,1309999.9428,1690000.0572,2018-01-31T13:54:16.497000Z
1093,1.24675,1.2467700000000002,1389999.9857,1690000.0572,2018-01-31T13:54:17.014000Z
1094,1.24674,1.24676,8439999.5804,1500000.0,2018-01-31T13:54:17.565000Z
1095,1.24675,1.2467700000000002,1000000.0,1690000.0572,2018-01-31T13:54:17.956000Z
1096,1.24674,1.24676,1309999.9428,1000000.0,2018-01-31T13:54:18.109000Z
1097,1.24678,1.24679,1200000.0477,6000000.0,2018-01-31T13:54:18.711000Z
1098,1.24674,1.24678,5139999.8665,2619999.8856,2018-01-31T13:54:19.235000Z
1099,1.24674,1.24676,2619999.8856,1500000.0,2018-01-31T13:54:19.288000Z
1100,1.24672,1.24676,4570000.1717,8439999.5804,2018-01-31T13:54:19.394000Z
1101,1.24673,1.24675,4119999.8856,1000000.0,2018-01-31T13:54:19.545000Z
1102,1.24676,1.2467700000000002,1000000.0,1000000.0,2018-01-31T13:54:21.945000Z
1103,1.24675,1.2467700000000002,1870000.0048,2440000.0572,2018-01-31T13:54:22.457000Z
1104,1.24675,1.24676,1500000.0,1000000.0,2018-01-31T13:54:23.143000Z
1105,1.24674,1.2467700000000002,4869999.8856,1690000.0572,2018-01-31T13:54:23.722000Z
1106,1.24675,1.24676,1000000.0,1000000.0,2018-01-31T13:54:24.862000Z
1107,1.24678,1.2468000000000001,3369999.8856,1870000.0048,2018-01-31T13:54:25.046000Z
1108,1.2467700000000002,1.24679,2619999.8856,1000000.0,2018-01-31T13:54:25.150000Z
1109,1.24678,1.24679,1000000.0,1500000.0,2018-01-31T13:54:25.969000Z
1110,1.2467700000000002,1.24679,3369999.8856,1000000.0,2018-01-31T13:54:26.643000Z
1111,1.2468000000000001,1.24682,4119999.8856,1000000.0,2018-01-31T13:54:26.963000Z
1112,1.2468000000000001,1.2468299999999999,6369999.8856,1120000.0048,2018-01-31T13:54:27.016000Z
1113,1.24682,1.24685,1690000.0572,1870000.0048,2018-01-31T13:54:27.542000Z
1114,1.2468299999999999,1.24685,2809999.9428,1000000.0,2018-01-31T13:54:28.087000Z
1115,1.2468700000000001,1.24688,1870000.0048,1500000.0,2018-01-31T13:54:28.395000Z
1116,1.24688,1.24689,1000000.0,1500000.0,2018-01-31T13:54:29.153000Z
1117,1.2468700000000001,1.2469000000000001,1570000.0525,2619999.8856,2018-01-31T13:54:29.258000Z
1118,1.2469000000000001,1.24692,3000000.0,2319999.9332,2018-01-31T13:54:29.312000Z
1119,1.24695,1.2469700000000001,1120000.0048,3369999.8856,2018-01-31T13:54:29.469000Z
1120,1.24694,1.24695,1950000.0477,1870000.0048,2018-01-31T13:54:29.625000Z
1121,1.2469100000000002,1.24692,1350000.0238,1000000.0,2018-01-31T13:54:29.824000Z
1122,1.24688,1.2469000000000001,2319999.9332,2250000.0,2018-01-31T13:54:30.090000Z
1123,1.2468700000000001,1.24689,3819999.9332,1500000.0,2018-01-31T13:54:30.247000Z
1124,1.2468700000000001,1.24689,1870000.0048,1000000.0,2018-01-31T13:54:32.017000Z
1125,1.24688,1.2469000000000001,1000000.0,1000000.0,2018-01-31T13:54:33.125000Z
1126,1.2469000000000001,1.2469100000000002,1000000.0,1250000.0,2018-01-31T13:54:33.385000Z
1127,1.24688,1.2469000000000001,1570000.0525,1500000.0,2018-01-31T13:54:33.648000Z
1128,1.2469000000000001,1.2469100000000002,1000000.0,1500000.0,2018-01-31T13:54:33.994000Z
1129,1.2469000000000001,1.24692,3450000.0477,1000000.0,2018-01-31T13:54:34.539000Z
1130,1.2469000000000001,1.24693,4570000.1717,1500000.0,2018-01-31T13:54:35.534000Z
1131,1.2469100000000002,1.24693,5320000.1717,1000000.0,2018-01-31T13:54:35.841000Z
1132,1.2469100000000002,1.24692,1000000.0,1000000.0,2018-01-31T13:54:36.543000Z
1133,1.24689,1.2469100000000002,2519999.9809,1000000.0,2018-01-31T13:54:36.648000Z
1134,1.24688,1.2469000000000001,3640000.1049,1000000.0,2018-01-31T13:54:36.753000Z
1135,1.24688,1.24689,1120000.0048,1000000.0,2018-01-31T13:54:37.281000Z
1136,1.24688,1.2469000000000001,5429999.8283,1000000.0,2018-01-31T13:54:37.434000Z
1137,1.2468700000000001,1.24689,1500000.0,1000000.0,2018-01-31T13:54:37.539000Z
1138,1.2468700000000001,1.24689,4119999.8856,1000000.0,2018-01-31T13:54:38.097000Z
1139,1.24688,1.2469100000000002,4199999.8093,1870000.0048,2018-01-31T13:54:38.203000Z
1140,1.24688,1.2469000000000001,5320000.1717,1000000.0,2018-01-31T13:54:38.755000Z
1141,1.24688,1.2469000000000001,9069999.6948,1000000.0,2018-01-31T13:54:39.372000Z
1142,1.24688,1.2469000000000001,1120000.0048,1000000.0,2018-01-31T13:54:39.895000Z
1143,1.24689,1.24692,3750000.0,1500000.0,2018-01-31T13:54:40.356000Z
1144,1.24686,1.24688,3819999.9332,1000000.0,2018-01-31T13:54:40.409000Z
1145,1.2468299999999999,1.24686,1200000.0477,3599999.9046,2018-01-31T13:54:40.872000Z
1146,1.2468000000000001,1.24682,5510000.2289,1000000.0,2018-01-31T13:54:41.108000Z
1147,1.2468000000000001,1.24682,3369999.8856,1000000.0,2018-01-31T13:54:42.132000Z
1148,1.2467700000000002,1.2468100000000002,4119999.8856,2170000.0763,2018-01-31T13:54:42.354000Z
1149,1.24678,1.2468000000000001,1120000.0048,1000000.0,2018-01-31T13:54:42.893000Z
1150,1.24678,1.2468100000000002,1870000.0048,1000000.0,2018-01-31T13:54:43.530000Z
1151,1.24678,1.2468000000000001,1870000.0048,1000000.0,2018-01-31T13:54:44.116000Z
1152,1.2468100000000002,1.24682,1000000.0,1000000.0,2018-01-31T13:54:44.272000Z
1153,1.2468299999999999,1.24684,1120000.0048,1120000.0048,2018-01-31T13:54:44.615000Z
1154,1.24682,1.24684,4949999.8093,1000000.0,2018-01-31T13:54:46.083000Z
1155,1.2468100000000002,1.2468299999999999,4119999.8856,2250000.0,2018-01-31T13:54:47.202000Z
1156,1.24676,1.24678,1000000.0,1000000.0,2018-01-31T13:54:47.480000Z
1157,1.24675,1.24676,1120000.0048,1000000.0,2018-01-31T13:54:47.532000Z
1158,1.24676,1.2467700000000002,1000000.0,1500000.0,2018-01-31T13:54:48.921000Z
1159,1.24675,1.2467700000000002,1570000.0525,1000000.0,2018-01-31T13:54:49.439000Z
1160,1.24676,1.2467700000000002,1000000.0,1000000.0,2018-01-31T13:54:50.154000Z
1161,1.24675,1.2467700000000002,3450000.0477,1000000.0,2018-01-31T13:54:50.696000Z
1162,1.24676,1.24679,1500000.0,1870000.0048,2018-01-31T13:54:51.012000Z
1163,1.24678,1.24679,1000000.0,1870000.0048,2018-01-31T13:54:51.145000Z
1164,1.2467700000000002,1.24679,5250000.0,1120000.0048,2018-01-31T13:54:51.196000Z
1165,1.24678,1.24679,1000000.0,1120000.0048,2018-01-31T13:54:51.756000Z
1166,1.2467700000000002,1.24679,4309999.9428,1000000.0,2018-01-31T13:54:52.299000Z
1167,1.24679,1.2468000000000001,1000000.0,1120000.0048,2018-01-31T13:54:52.648000Z
1168,1.2467700000000002,1.2468000000000001,4760000.2289,1120000.0048,2018-01-31T13:54:52.804000Z
1169,1.2467700000000002,1.24679,5699999.8093,1000000.0,2018-01-31T13:54:53.335000Z
1170,1.24673,1.24675,1200000.0477,1309999.9428,2018-01-31T13:54:53.571000Z
1171,1.24672,1.24674,1000000.0,1500000.0,2018-01-31T13:54:54.095000Z
1172,1.2467100000000002,1.24673,6000000.0,1000000.0,2018-01-31T13:54:54.408000Z
1173,1.2467100000000002,1.24674,7010000.2289,1690000.0572,2018-01-31T13:54:54.545000Z
1174,1.2467100000000002,1.24674,12130000.1144,1120000.0048,2018-01-31T13:54:55.087000Z
1175,1.24672,1.24674,2059999.9428,1000000.0,2018-01-31T13:54:58.463000Z
1176,1.2467100000000002,1.24673,1950000.0477,1000000.0,2018-01-31T13:54:59.877000Z
1177,1.2467000000000001,1.24672,1500000.0,1000000.0,2018-01-31T13:55:00.086000Z
1178,1.24668,1.24669,4949999.8093,1000000.0,2018-01-31T13:55:05.835000Z
1179,1.24665,1.2466700000000002,1950000.0477,1309999.9428,2018-01-31T13:55:05.899000Z
1180,1.24662,1.24665,2700000.0477,1000000.0,2018-01-31T13:55:06.260000Z
1181,1.24662,1.24664,1870000.0048,1000000.0,2018-01-31T13:55:07.374000Z
1182,1.24663,1.24664,1000000.0,1000000.0,2018-01-31T13:55:09.132000Z
1183,1.24662,1.2466700000000002,2250000.0,8550000.1907,2018-01-31T13:55:09.346000Z
1184,1.24662,1.24666,2250000.0,1250000.0,2018-01-31T13:55:10.145000Z
1185,1.24662,1.24665,1120000.0048,1500000.0,2018-01-31T13:55:10.352000Z
1186,1.24661,1.24664,1120000.0048,1250000.0,2018-01-31T13:55:10.854000Z
1187,1.2466000000000002,1.24665,4329999.9237,8319999.6948,2018-01-31T13:55:11.544000Z
1188,1.24661,1.24664,1120000.0048,2250000.0,2018-01-31T13:55:12.078000Z
1189,1.2466000000000002,1.24665,3579999.9237,3069999.9332,2018-01-31T13:55:12.590000Z
1190,1.2466000000000002,1.24664,2450000.0477,1000000.0,2018-01-31T13:55:14.424000Z
1191,1.24663,1.24666,1500000.0,4010000.2289,2018-01-31T13:55:14.772000Z
1192,1.24664,1.24668,1950000.0477,1389999.9857,2018-01-31T13:55:14.880000Z
1193,1.24666,1.24668,1000000.0,1309999.9428,2018-01-31T13:55:15.196000Z
1194,1.24665,1.24669,1500000.0,3450000.0477,2018-01-31T13:55:15.875000Z
1195,1.24666,1.24668,1000000.0,4309999.9428,2018-01-31T13:55:16.433000Z
1196,1.24665,1.24669,1870000.0048,7570000.1717,2018-01-31T13:55:17.152000Z
1197,1.2466700000000002,1.24669,1000000.0,1100000.0238,2018-01-31T13:55:17.995000Z
1198,1.24669,1.2467100000000002,1000000.0,4119999.8856,2018-01-31T13:55:18.344000Z
1199,1.24666,1.2467000000000001,6820000.1717,1250000.0,2018-01-31T13:55:18.602000Z
1200,1.24666,1.24668,2059999.9428,1000000.0,2018-01-31T13:55:18.707000Z
1201,1.24665,1.2466700000000002,1000000.0,1190000.0572,2018-01-31T13:55:19.020000Z
1202,1.24664,1.2466700000000002,1500000.0,5619999.8856,2018-01-31T13:55:19.637000Z
1203,1.24662,1.24665,3410000.0858,1870000.0048,2018-01-31T13:55:20.128000Z
1204,1.2466000000000002,1.24663,3069999.9332,1250000.0,2018-01-31T13:55:20.353000Z
1205,1.2466000000000002,1.24663,1120000.0048,4500000.0,2018-01-31T13:55:20.818000Z
1206,1.24658,1.24661,2619999.8856,3789999.9619,2018-01-31T13:55:21.028000Z
1207,1.2465600000000001,1.24659,1000000.0,7349999.9046,2018-01-31T13:55:21.345000Z
1208,1.24655,1.2465600000000001,1120000.0048,1690000.0572,2018-01-31T13:55:21.859000Z
1209,1.24651,1.24655,2250000.0,3559999.9428,2018-01-31T13:55:21.968000Z
1210,1.2465000000000002,1.24654,2440000.0572,2809999.9428,2018-01-31T13:55:23.182000Z
1211,1.2465000000000002,1.24654,2319999.9332,1309999.9428,2018-01-31T13:55:23.993000Z
1212,1.24649,1.24652,4570000.1717,8470000.267,2018-01-31T13:55:24.427000Z
1213,1.24642,1.2464600000000001,1070000.0525,12189999.5804,2018-01-31T13:55:24.741000Z
1214,1.24641,1.2464600000000001,1500000.0,12109999.6567,2018-01-31T13:55:25.321000Z
1215,1.24641,1.24645,2619999.8856,5230000.0191,2018-01-31T13:55:25.982000Z
1216,1.24641,1.24645,3369999.8856,1870000.0048,2018-01-31T13:55:26.586000Z
1217,1.24644,1.24648,4010000.2289,2140000.1049,2018-01-31T13:55:26.895000Z
1218,1.24644,1.2465000000000002,5320000.1717,18069999.6948,2018-01-31T13:55:27.520000Z
1219,1.2464700000000002,1.24651,5250000.0,1570000.0525,2018-01-31T13:55:27.834000Z
1220,1.2464700000000002,1.24652,12630000.1144,1870000.0048,2018-01-31T13:55:28.001000Z
1221,1.24649,1.24654,3369999.8856,4010000.2289,2018-01-31T13:55:28.518000Z
1222,1.24649,1.24654,9439999.5804,1389999.9857,2018-01-31T13:55:29.156000Z
1223,1.24649,1.24651,3069999.9332,1000000.0,2018-01-31T13:55:29.781000Z
1224,1.2464600000000001,1.24648,1500000.0,1120000.0048,2018-01-31T13:55:29.984000Z
1225,1.24645,1.24648,1500000.0,2319999.9332,2018-01-31T13:55:30.141000Z
1226,1.24644,1.24645,1000000.0,1000000.0,2018-01-31T13:55:30.307000Z
1227,1.24642,1.24645,1389999.9857,1690000.0572,2018-01-31T13:55:30.359000Z
1228,1.24641,1.24645,2809999.9428,2700000.0477,2018-01-31T13:55:30.955000Z
1229,1.24644,1.2464600000000001,1000000.0,2140000.1049,2018-01-31T13:55:31.300000Z
1230,1.24644,1.2464700000000002,1000000.0,2509999.9905,2018-01-31T13:55:31.508000Z
1231,1.24643,1.2464600000000001,2619999.8856,1000000.0,2018-01-31T13:55:32.027000Z
1232,1.2464600000000001,1.24649,2250000.0,2700000.0477,2018-01-31T13:55:32.135000Z
1233,1.2464700000000002,1.2465000000000002,1870000.0048,1950000.0477,2018-01-31T13:55:32.240000Z
1234,1.24645,1.24648,3190000.0572,1009999.9905,2018-01-31T13:55:32.758000Z
1235,1.24645,1.24649,3750000.0,3259999.9905,2018-01-31T13:55:33.639000Z
1236,1.24645,1.24649,5619999.8856,2440000.0572,2018-01-31T13:55:34.157000Z
1237,1.2465000000000002,1.24653,4159999.8474,1309999.9428,2018-01-31T13:55:34.552000Z
1238,1.24651,1.24655,3000000.0,2319999.9332,2018-01-31T13:55:35.018000Z
1239,1.24652,1.2465600000000001,1870000.0048,1120000.0048,2018-01-31T13:55:35.558000Z
1240,1.24652,1.24655,2619999.8856,1000000.0,2018-01-31T13:55:36.083000Z
1241,1.24651,1.24654,2099999.9046,1009999.9905,2018-01-31T13:55:36.389000Z
1242,1.24652,1.24655,1000000.0,2700000.0477,2018-01-31T13:55:36.950000Z
1243,1.24651,1.24655,1870000.0048,3450000.0477,2018-01-31T13:55:37.481000Z
1244,1.24652,1.24655,1120000.0048,1500000.0,2018-01-31T13:55:38.009000Z
1245,1.24651,1.24655,2250000.0,2319999.9332,2018-01-31T13:55:40.358000Z
1246,1.24653,1.24655,1000000.0,1200000.0477,2018-01-31T13:55:40.889000Z
1247,1.24654,1.2465700000000002,1120000.0048,1759999.9905,2018-01-31T13:55:40.991000Z
1248,1.24655,1.2465700000000002,1000000.0,1389999.9857,2018-01-31T13:55:41.508000Z
1249,1.24655,1.24658,1500000.0,1759999.9905,2018-01-31T13:55:43.019000Z
1250,1.24655,1.2465600000000001,4869999.8856,1000000.0,2018-01-31T13:55:43.552000Z
1251,1.24655,1.2465700000000002,1120000.0048,1570000.0525,2018-01-31T13:55:44.057000Z
1252,1.24654,1.2465700000000002,2250000.0,1200000.0477,2018-01-31T13:55:44.646000Z
1253,1.2465600000000001,1.24658,1120000.0048,1570000.0525,2018-01-31T13:55:45.628000Z
1254,1.24654,1.2465700000000002,1309999.9428,1200000.0477,2018-01-31T13:55:45.791000Z
1255,1.24655,1.24658,1120000.0048,2319999.9332,2018-01-31T13:55:46.925000Z
1256,1.2465600000000001,1.2466000000000002,4309999.9428,8319999.6948,2018-01-31T13:55:47.439000Z
1257,1.24658,1.2466000000000002,1000000.0,2700000.0477,2018-01-31T13:55:47.806000Z
1258,1.2465700000000002,1.24659,1000000.0,1389999.9857,2018-01-31T13:55:48.384000Z
1259,1.2465600000000001,1.24659,1120000.0048,3559999.9428,2018-01-31T13:55:49.906000Z
1260,1.24655,1.24658,5809999.9428,2250000.0,2018-01-31T13:55:49.959000Z
1261,1.2465600000000001,1.24658,1500000.0,1870000.0048,2018-01-31T13:55:50.709000Z
1262,1.24655,1.24659,4119999.8856,2319999.9332,2018-01-31T13:55:51.251000Z
1263,1.2465600000000001,1.24658,1500000.0,1000000.0,2018-01-31T13:55:51.760000Z
1264,1.24655,1.24659,6369999.8856,3259999.9905,2018-01-31T13:55:52.289000Z
1265,1.24655,1.24659,7869999.8856,2140000.1049,2018-01-31T13:55:52.989000Z
1266,1.2465600000000001,1.24659,1000000.0,4570000.1717,2018-01-31T13:55:53.784000Z
1267,1.24655,1.24658,4309999.9428,1570000.0525,2018-01-31T13:55:54.311000Z
1268,1.24655,1.24659,6369999.8856,2700000.0477,2018-01-31T13:55:54.506000Z
1269,1.24655,1.24659,2250000.0,3450000.0477,2018-01-31T13:55:55.019000Z
1270,1.2465600000000001,1.24659,5059999.9428,2319999.9332,2018-01-31T13:55:57.328000Z
1271,1.2465700000000002,1.24659,1000000.0,3069999.9332,2018-01-31T13:55:58.647000Z
1272,1.24659,1.2466000000000002,3750000.0,1759999.9905,2018-01-31T13:55:58.803000Z
1273,1.24666,1.2466700000000002,1500000.0,1200000.0477,2018-01-31T13:55:59.146000Z
1274,1.24666,1.2467000000000001,3369999.8856,7760000.2289,2018-01-31T13:55:59.256000Z
1275,1.24668,1.2467100000000002,5250000.0,1570000.0525,2018-01-31T13:55:59.416000Z
1276,1.24668,1.2467100000000002,6750000.0,3069999.9332,2018-01-31T13:55:59.755000Z
1277,1.2467100000000002,1.24673,1000000.0,3819999.9332,2018-01-31T13:56:00.018000Z
1278,1.24672,1.24674,1000000.0,3259999.9905,2018-01-31T13:56:00.643000Z
1279,1.24672,1.24674,1000000.0,1309999.9428,2018-01-31T13:56:01.220000Z
1280,1.24675,1.24678,1500000.0,3259999.9905,2018-01-31T13:56:01.272000Z
1281,1.24669,1.24673,2619999.8856,1870000.0048,2018-01-31T13:56:01.597000Z
1282,1.2467100000000002,1.24672,1500000.0,1000000.0,2018-01-31T13:56:02.014000Z
1283,1.2467000000000001,1.24673,4690000.0572,1250000.0,2018-01-31T13:56:02.534000Z
1284,1.2466700000000002,1.24668,2250000.0,3000000.0,2018-01-31T13:56:02.869000Z
1285,1.24665,1.24666,1100000.0238,1000000.0,2018-01-31T13:56:02.924000Z
1286,1.24665,1.24666,1500000.0,1000000.0,2018-01-31T13:56:03.445000Z
