,bid,ask,bid_vol,ask_vol,time
0,1.1037299999999999,1.1037700000000001,1250000.0,7309999.9428,2019-08-30T12:45:00.522000Z
1,1.1037299999999999,1.10376,1690000.0572,1000000.0,2019-08-30T12:45:00.725000Z
2,1.1037299999999999,1.1037700000000001,1250000.0,7309999.9428,2019-08-30T12:45:00.831000Z
3,1.1037299999999999,1.10376,1250000.0,1000000.0,2019-08-30T12:45:01.030000Z
4,1.10374,1.1037700000000001,2250000.0,1889999.9857,2019-08-30T12:45:02.776000Z
5,1.10374,1.1037700000000001,1100000.0238,2059999.9428,2019-08-30T12:45:02.878000Z
6,1.10374,1.1037700000000001,1750000.0,1200000.0477,2019-08-30T12:45:03.030000Z
7,1.10374,1.10378,1250000.0,8289999.9619,2019-08-30T12:45:03.131000Z
8,1.10375,1.10379,2500000.0,2819999.9332,2019-08-30T12:45:03.762000Z
9,1.10376,1.10379,1250000.0,2319999.9332,2019-08-30T12:45:03.813000Z
10,1.10376,1.1037700000000001,1250000.0,3750000.0,2019-08-30T12:45:03.865000Z
11,1.10376,1.10378,2500000.0,1500000.0,2019-08-30T12:45:03.995000Z
12,1.10376,1.10379,1250000.0,2059999.9428,2019-08-30T12:45:04.097000Z
13,1.10376,1.10378,1750000.0,5250000.0,2019-08-30T12:45:04.249000Z
14,1.10376,1.10379,1250000.0,2059999.9428,2019-08-30T12:45:04.351000Z
15,1.10374,1.10379,4449999.8093,1309999.9428,2019-08-30T12:45:04.732000Z
16,1.10375,1.10378,1389999.9857,1000000.0,2019-08-30T12:45:06.761000Z
17,1.10375,1.1037700000000001,1100000.0238,4869999.8856,2019-08-30T12:45:06.862000Z
18,1.1037299999999999,1.1037700000000001,1250000.0,5619999.8856,2019-08-30T12:45:09.530000Z
19,1.1037299999999999,1.10375,1000000.0,2250000.0,2019-08-30T12:45:09.582000Z
20,1.10372,1.10375,2809999.9428,5619999.8856,2019-08-30T12:45:10.093000Z
21,1.10372,1.1037299999999999,1250000.0,1120000.0048,2019-08-30T12:45:10.194000Z
22,1.1037100000000002,1.10372,1250000.0,1000000.0,2019-08-30T12:45:10.296000Z
23,1.1037000000000001,1.1037299999999999,2059999.9428,1120000.0048,2019-08-30T12:45:10.398000Z
24,1.1037100000000002,1.10374,1309999.9428,1870000.0048,2019-08-30T12:45:10.787000Z
25,1.10372,1.10374,1250000.0,2250000.0,2019-08-30T12:45:10.989000Z
26,1.1037100000000002,1.1037299999999999,2119999.8856,1000000.0,2019-08-30T12:45:13.895000Z
27,1.1037000000000001,1.1037299999999999,3670000.0763,1000000.0,2019-08-30T12:45:13.997000Z
28,1.1037100000000002,1.10375,2440000.0572,2809999.9428,2019-08-30T12:45:14.478000Z
29,1.10372,1.10375,1000000.0,2059999.9428,2019-08-30T12:45:14.934000Z
30,1.1037100000000002,1.10375,2440000.0572,1309999.9428,2019-08-30T12:45:15.499000Z
31,1.10372,1.10375,1250000.0,1120000.0048,2019-08-30T12:45:15.600000Z
32,1.10374,1.10376,1000000.0,7440000.0572,2019-08-30T12:45:19.321000Z
33,1.10374,1.10376,1000000.0,5619999.8856,2019-08-30T12:45:19.422000Z
34,1.10374,1.10375,1000000.0,1000000.0,2019-08-30T12:45:19.574000Z
35,1.1037299999999999,1.10375,1500000.0,1100000.0238,2019-08-30T12:45:19.933000Z
36,1.1037299999999999,1.10375,1000000.0,2000000.0,2019-08-30T12:45:20.236000Z
37,1.1037299999999999,1.10375,1000000.0,1120000.0048,2019-08-30T12:45:20.337000Z
38,1.10374,1.10376,1000000.0,2000000.0,2019-08-30T12:45:21.010000Z
39,1.1037299999999999,1.10375,1250000.0,3750000.0,2019-08-30T12:45:21.375000Z
40,1.10372,1.10374,1000000.0,1870000.0048,2019-08-30T12:45:21.793000Z
41,1.1037000000000001,1.10374,3000000.0,4869999.8856,2019-08-30T12:45:21.844000Z
42,1.1037100000000002,1.10374,1250000.0,2619999.8856,2019-08-30T12:45:21.895000Z
43,1.1037100000000002,1.10375,3000000.0,1500000.0,2019-08-30T12:45:22.097000Z
44,1.10372,1.10375,2140000.1049,1000000.0,2019-08-30T12:45:22.198000Z
45,1.10372,1.10375,3319999.9332,1000000.0,2019-08-30T12:45:22.299000Z
46,1.10375,1.1037700000000001,1690000.0572,1000000.0,2019-08-30T12:45:24.274000Z
47,1.10379,1.1038000000000001,1000000.0,1250000.0,2019-08-30T12:45:24.365000Z
48,1.1038100000000002,1.10383,1000000.0,2119999.8856,2019-08-30T12:45:24.419000Z
49,1.10382,1.10384,1120000.0048,3940000.0572,2019-08-30T12:45:24.470000Z
50,1.1038100000000002,1.10382,1570000.0525,1000000.0,2019-08-30T12:45:24.520000Z
51,1.1038000000000001,1.10382,1000000.0,2619999.8856,2019-08-30T12:45:24.622000Z
52,1.10379,1.10382,2809999.9428,4119999.8856,2019-08-30T12:45:24.724000Z
53,1.10379,1.10382,1500000.0,4440000.0572,2019-08-30T12:45:25.637000Z
54,1.1037700000000001,1.1038100000000002,1250000.0,1309999.9428,2019-08-30T12:45:26.615000Z
55,1.1037700000000001,1.1038100000000002,2160000.0858,1690000.0572,2019-08-30T12:45:26.717000Z
56,1.1037700000000001,1.1038100000000002,1250000.0,1690000.0572,2019-08-30T12:45:26.818000Z
57,1.1037700000000001,1.1038000000000001,1250000.0,1000000.0,2019-08-30T12:45:28.027000Z
58,1.1037700000000001,1.10382,1690000.0572,5699999.8093,2019-08-30T12:45:30.711000Z
59,1.10379,1.10382,3369999.8856,1120000.0048,2019-08-30T12:45:31.343000Z
60,1.10379,1.10383,2559999.9428,3940000.0572,2019-08-30T12:45:31.444000Z
61,1.1038000000000001,1.10382,1309999.9428,1000000.0,2019-08-30T12:45:31.698000Z
62,1.10379,1.10383,3369999.8856,1500000.0,2019-08-30T12:45:32.262000Z
63,1.10379,1.10383,3369999.8856,2369999.8856,2019-08-30T12:45:32.377000Z
64,1.10379,1.10382,1690000.0572,1120000.0048,2019-08-30T12:45:33.144000Z
65,1.10379,1.10383,5349999.9046,4119999.8856,2019-08-30T12:45:33.289000Z
66,1.10379,1.10383,4000000.0,2000000.0,2019-08-30T12:45:33.390000Z
67,1.1038000000000001,1.10384,2869999.8856,1000000.0,2019-08-30T12:45:34.871000Z
68,1.1038000000000001,1.10385,2869999.8856,5260000.2289,2019-08-30T12:45:34.922000Z
69,1.1038100000000002,1.10384,2500000.0,1120000.0048,2019-08-30T12:45:35.352000Z
70,1.1038100000000002,1.10385,2869999.8856,1120000.0048,2019-08-30T12:45:37.062000Z
71,1.10382,1.10385,1750000.0,4869999.8856,2019-08-30T12:45:41.324000Z
72,1.10382,1.10385,1250000.0,4869999.8856,2019-08-30T12:45:41.722000Z
73,1.1038100000000002,1.10384,2869999.8856,1000000.0,2019-08-30T12:45:41.924000Z
74,1.1038000000000001,1.10383,1120000.0048,1309999.9428,2019-08-30T12:45:42.038000Z
75,1.10379,1.10383,2809999.9428,1309999.9428,2019-08-30T12:45:42.190000Z
76,1.10379,1.10383,1870000.0048,3700000.0477,2019-08-30T12:45:42.291000Z
77,1.1038000000000001,1.10382,1000000.0,1000000.0,2019-08-30T12:45:42.392000Z
78,1.10379,1.10383,2140000.1049,1759999.9905,2019-08-30T12:45:42.672000Z
79,1.10379,1.10383,2059999.9428,3759999.9905,2019-08-30T12:45:42.807000Z
80,1.10379,1.10382,2059999.9428,2369999.8856,2019-08-30T12:45:43.318000Z
81,1.1038000000000001,1.1038100000000002,1000000.0,1120000.0048,2019-08-30T12:45:43.640000Z
82,1.10379,1.10382,2059999.9428,2819999.9332,2019-08-30T12:45:43.742000Z
83,1.10379,1.10382,5500000.0,1509999.9905,2019-08-30T12:45:44.219000Z
84,1.1038100000000002,1.10383,1370000.0048,3069999.9332,2019-08-30T12:45:44.270000Z
85,1.10382,1.10384,1250000.0,2059999.9428,2019-08-30T12:45:44.371000Z
86,1.10382,1.10384,1250000.0,1120000.0048,2019-08-30T12:45:44.472000Z
87,1.10382,1.10384,1250000.0,1120000.0048,2019-08-30T12:45:44.793000Z
88,1.10383,1.10384,1000000.0,1000000.0,2019-08-30T12:45:51.790000Z
89,1.10383,1.10386,4000000.0,12710000.0381,2019-08-30T12:45:52.784000Z
90,1.10383,1.10385,1000000.0,135669998.1689,2019-08-30T12:45:53.780000Z
91,1.10382,1.10384,1809999.9428,1500000.0,2019-08-30T12:45:54.529000Z
92,1.10383,1.10385,1000000.0,131919998.1689,2019-08-30T12:45:55.511000Z
93,1.10382,1.10384,1750000.0,1000000.0,2019-08-30T12:45:55.765000Z
94,1.10382,1.10386,1750000.0,7809999.9428,2019-08-30T12:45:56.223000Z
95,1.10384,1.1038700000000001,2809999.9428,4199999.8093,2019-08-30T12:45:56.325000Z
96,1.10386,1.10388,1250000.0,1250000.0,2019-08-30T12:45:56.578000Z
97,1.10386,1.10389,1250000.0,2619999.8856,2019-08-30T12:45:56.743000Z
98,1.10386,1.10389,1809999.9428,1870000.0048,2019-08-30T12:45:56.844000Z
99,1.10386,1.10389,3190000.0572,1870000.0048,2019-08-30T12:45:56.945000Z
100,1.10386,1.1039,4070000.1717,2619999.8856,2019-08-30T12:45:57.047000Z
101,1.1038700000000001,1.1039,1350000.0238,1870000.0048,2019-08-30T12:45:58.674000Z
102,1.1038700000000001,1.1039,1009999.9905,1870000.0048,2019-08-30T12:45:58.775000Z
103,1.10386,1.1039,4570000.1717,1870000.0048,2019-08-30T12:45:58.977000Z
104,1.10389,1.1039100000000002,1250000.0,2069999.9332,2019-08-30T12:46:02.781000Z
105,1.1039,1.1039200000000002,2250000.0,4949999.8093,2019-08-30T12:46:02.882000Z
106,1.1039100000000002,1.10394,1250000.0,1870000.0048,2019-08-30T12:46:02.984000Z
107,1.10389,1.10393,2619999.8856,1690000.0572,2019-08-30T12:46:03.174000Z
108,1.1039100000000002,1.10394,1000000.0,2069999.9332,2019-08-30T12:46:03.225000Z
109,1.1039,1.10394,5440000.0572,3069999.9332,2019-08-30T12:46:03.326000Z
110,1.1039100000000002,1.10395,2119999.8856,1100000.0238,2019-08-30T12:46:03.428000Z
111,1.1039100000000002,1.10395,5500000.0,699999.9881,2019-08-30T12:46:03.680000Z
112,1.1039200000000002,1.10395,1250000.0,1600000.0238,2019-08-30T12:46:03.895000Z
113,1.1039,1.10394,4690000.0572,1759999.9905,2019-08-30T12:46:04.674000Z
114,1.10389,1.10393,1750000.0,2250000.0,2019-08-30T12:46:04.827000Z
115,1.10389,1.1039200000000002,6190000.0572,1500000.0,2019-08-30T12:46:04.878000Z
116,1.1039200000000002,1.10395,1000000.0,5949999.8093,2019-08-30T12:46:04.979000Z
117,1.1039200000000002,1.10395,1870000.0048,2349999.9046,2019-08-30T12:46:05.081000Z
118,1.10393,1.10395,1000000.0,699999.9881,2019-08-30T12:46:05.384000Z
119,1.1039200000000002,1.10395,1690000.0572,100000.0015,2019-08-30T12:46:05.587000Z
120,1.10393,1.10395,1000000.0,100000.0015,2019-08-30T12:46:06.003000Z
121,1.1039200000000002,1.10395,1690000.0572,100000.0015,2019-08-30T12:46:06.104000Z
122,1.1039200000000002,1.10395,1809999.9428,100000.0015,2019-08-30T12:46:06.256000Z
123,1.1039200000000002,1.10395,1690000.0572,200000.003,2019-08-30T12:46:07.223000Z
124,1.10393,1.10395,1000000.0,200000.003,2019-08-30T12:46:07.324000Z
125,1.1039200000000002,1.10395,1690000.0572,200000.003,2019-08-30T12:46:07.914000Z
126,1.10393,1.10395,1000000.0,100000.0015,2019-08-30T12:46:08.066000Z
127,1.10394,1.10395,1000000.0,200000.003,2019-08-30T12:46:08.775000Z
128,1.10393,1.10395,1000000.0,200000.003,2019-08-30T12:46:08.876000Z
129,1.10394,1.10395,1000000.0,100000.0015,2019-08-30T12:46:10.066000Z
130,1.10393,1.10395,1250000.0,100000.0015,2019-08-30T12:46:10.167000Z
131,1.10394,1.10395,1000000.0,100000.0015,2019-08-30T12:46:10.319000Z
132,1.10393,1.10395,1250000.0,100000.0015,2019-08-30T12:46:10.420000Z
133,1.10394,1.10395,1000000.0,100000.0015,2019-08-30T12:46:10.987000Z
134,1.10393,1.10395,1690000.0572,100000.0015,2019-08-30T12:46:11.109000Z
135,1.10393,1.10395,2190000.0572,100000.0015,2019-08-30T12:46:11.334000Z
136,1.10393,1.10395,2059999.9428,100000.0015,2019-08-30T12:46:12.423000Z
137,1.1039100000000002,1.10395,5250000.0,2099999.9046,2019-08-30T12:46:14.078000Z
138,1.1039200000000002,1.10395,2190000.0572,100000.0015,2019-08-30T12:46:14.332000Z
139,1.10393,1.10395,1750000.0,100000.0015,2019-08-30T12:46:18.268000Z
140,1.1039200000000002,1.10395,3750000.0,200000.003,2019-08-30T12:46:18.383000Z
141,1.10393,1.10395,1500000.0,200000.003,2019-08-30T12:46:18.637000Z
142,1.1039200000000002,1.10395,4440000.0572,200000.003,2019-08-30T12:46:18.738000Z
143,1.10394,1.10395,1000000.0,200000.003,2019-08-30T12:46:18.902000Z
144,1.10393,1.10395,1000000.0,200000.003,2019-08-30T12:46:19.094000Z
145,1.1039200000000002,1.10395,4690000.0572,100000.0015,2019-08-30T12:46:20.036000Z
146,1.10393,1.10395,1000000.0,100000.0015,2019-08-30T12:46:20.217000Z
147,1.10393,1.10395,2869999.8856,100000.0015,2019-08-30T12:46:20.420000Z
148,1.10393,1.10395,1309999.9428,100000.0015,2019-08-30T12:46:20.521000Z
149,1.10394,1.10395,1000000.0,100000.0015,2019-08-30T12:46:22.032000Z
150,1.10393,1.10395,1500000.0,100000.0015,2019-08-30T12:46:22.133000Z
151,1.10394,1.10395,1000000.0,100000.0015,2019-08-30T12:46:23.471000Z
152,1.10394,1.10395,5809999.9428,100000.0015,2019-08-30T12:46:24.075000Z
153,1.10396,1.10398,1500000.0,2319999.9332,2019-08-30T12:46:24.127000Z
154,1.10395,1.1039700000000001,1250000.0,2849999.9046,2019-08-30T12:46:24.229000Z
155,1.10394,1.10395,3190000.0572,100000.0015,2019-08-30T12:46:24.280000Z
156,1.10394,1.1039700000000001,2250000.0,1789999.9619,2019-08-30T12:46:24.432000Z
157,1.10394,1.1039700000000001,1870000.0048,1389999.9857,2019-08-30T12:46:24.576000Z
158,1.10394,1.1039700000000001,2000000.0,1909999.9666,2019-08-30T12:46:24.778000Z
159,1.10394,1.1039700000000001,1500000.0,2509999.9905,2019-08-30T12:46:25.547000Z
160,1.10396,1.1039700000000001,1500000.0,1000000.0,2019-08-30T12:46:25.902000Z
161,1.1039700000000001,1.10398,1000000.0,1000000.0,2019-08-30T12:46:26.004000Z
162,1.10396,1.104,5119999.8856,1200000.0477,2019-08-30T12:46:26.055000Z
163,1.10396,1.104,4809999.9428,2160000.0858,2019-08-30T12:46:27.170000Z
164,1.10396,1.104,3309999.9428,1389999.9857,2019-08-30T12:46:27.271000Z
165,1.10396,1.104,3309999.9428,1409999.9666,2019-08-30T12:46:27.419000Z
166,1.10396,1.104,2440000.0572,1789999.9619,2019-08-30T12:46:27.520000Z
167,1.10396,1.104,2440000.0572,1759999.9905,2019-08-30T12:46:28.129000Z
168,1.1039700000000001,1.104,1000000.0,1759999.9905,2019-08-30T12:46:30.501000Z
169,1.10398,1.104,1000000.0,4010000.2289,2019-08-30T12:46:30.621000Z
170,1.1039700000000001,1.104,1000000.0,1759999.9905,2019-08-30T12:46:31.074000Z
171,1.1039700000000001,1.10399,1000000.0,1000000.0,2019-08-30T12:46:31.291000Z
172,1.1039700000000001,1.104,1000000.0,1389999.9857,2019-08-30T12:46:31.400000Z
173,1.10398,1.104,1000000.0,2890000.1049,2019-08-30T12:46:31.959000Z
174,1.10396,1.104,3190000.0572,1389999.9857,2019-08-30T12:46:32.083000Z
175,1.1039700000000001,1.104,1000000.0,3259999.9905,2019-08-30T12:46:32.389000Z
176,1.1039700000000001,1.10399,1000000.0,1000000.0,2019-08-30T12:46:33.131000Z
177,1.1039700000000001,1.10398,1000000.0,1000000.0,2019-08-30T12:46:33.239000Z
178,1.10395,1.10398,1870000.0048,1789999.9619,2019-08-30T12:46:33.290000Z
179,1.10396,1.10398,1000000.0,3289999.9619,2019-08-30T12:46:33.391000Z
180,1.10395,1.10398,2059999.9428,1100000.0238,2019-08-30T12:46:33.493000Z
181,1.10396,1.10398,1000000.0,1570000.0525,2019-08-30T12:46:33.793000Z
182,1.1039700000000001,1.10398,1000000.0,1000000.0,2019-08-30T12:46:33.956000Z
183,1.10396,1.10399,1690000.0572,1870000.0048,2019-08-30T12:46:34.057000Z
184,1.1039700000000001,1.10399,1000000.0,2700000.0477,2019-08-30T12:46:34.165000Z
185,1.10396,1.10399,1690000.0572,1120000.0048,2019-08-30T12:46:34.267000Z
186,1.10396,1.10399,1250000.0,2349999.9046,2019-08-30T12:46:34.368000Z
187,1.10395,1.10398,2250000.0,5119999.8856,2019-08-30T12:46:34.520000Z
188,1.10395,1.10398,1000000.0,3640000.1049,2019-08-30T12:46:34.621000Z
189,1.10394,1.1039700000000001,2250000.0,1820000.0525,2019-08-30T12:46:34.773000Z
190,1.10394,1.1039700000000001,3000000.0,1759999.9905,2019-08-30T12:46:34.874000Z
191,1.10393,1.10396,1120000.0048,1250000.0,2019-08-30T12:46:35.392000Z
192,1.1039200000000002,1.10395,3369999.8856,1009999.9905,2019-08-30T12:46:35.493000Z
193,1.10393,1.10396,1000000.0,3099999.9046,2019-08-30T12:46:35.645000Z
194,1.1039200000000002,1.1039700000000001,2619999.8856,8600000.3815,2019-08-30T12:46:35.747000Z
195,1.10393,1.1039700000000001,3559999.9428,4070000.1717,2019-08-30T12:46:35.848000Z
196,1.10394,1.1039700000000001,1000000.0,4449999.8093,2019-08-30T12:46:35.950000Z
197,1.10393,1.1039700000000001,2809999.9428,4219999.7902,2019-08-30T12:46:36.063000Z
198,1.10394,1.1039700000000001,1000000.0,4449999.8093,2019-08-30T12:46:37.393000Z
199,1.10393,1.10396,2440000.0572,1250000.0,2019-08-30T12:46:37.589000Z
200,1.10394,1.10396,1000000.0,1250000.0,2019-08-30T12:46:39.110000Z
201,1.10393,1.10396,2809999.9428,1250000.0,2019-08-30T12:46:39.536000Z
202,1.10394,1.10396,1000000.0,1389999.9857,2019-08-30T12:46:41.649000Z
203,1.10393,1.10396,2809999.9428,1389999.9857,2019-08-30T12:46:41.901000Z
204,1.10394,1.1039700000000001,1120000.0048,3819999.9332,2019-08-30T12:46:42.712000Z
205,1.10393,1.1039700000000001,4500000.0,5869999.8856,2019-08-30T12:46:42.864000Z
206,1.10394,1.1039700000000001,1000000.0,5949999.8093,2019-08-30T12:46:43.016000Z
207,1.10393,1.10396,4119999.8856,1690000.0572,2019-08-30T12:46:43.774000Z
208,1.10393,1.10396,1000000.0,4039999.9619,2019-08-30T12:46:43.926000Z
209,1.1039200000000002,1.10396,2059999.9428,3259999.9905,2019-08-30T12:46:44.027000Z
210,1.1039200000000002,1.10396,2059999.9428,3289999.9619,2019-08-30T12:46:44.253000Z
211,1.1039200000000002,1.10394,2059999.9428,1000000.0,2019-08-30T12:46:45.013000Z
212,1.1039200000000002,1.10395,2059999.9428,1000000.0,2019-08-30T12:46:45.312000Z
213,1.10393,1.10395,1000000.0,1570000.0525,2019-08-30T12:46:45.463000Z
214,1.1039200000000002,1.10395,2059999.9428,1100000.0238,2019-08-30T12:46:45.686000Z
215,1.1039200000000002,1.10394,2059999.9428,1000000.0,2019-08-30T12:46:46.819000Z
216,1.10393,1.10394,1500000.0,1000000.0,2019-08-30T12:46:46.943000Z
217,1.1039200000000002,1.10394,2809999.9428,1000000.0,2019-08-30T12:46:47.150000Z
218,1.10393,1.10394,1000000.0,1000000.0,2019-08-30T12:46:48.010000Z
219,1.1039200000000002,1.10394,1309999.9428,1000000.0,2019-08-30T12:46:48.343000Z
220,1.1039200000000002,1.10395,2440000.0572,1120000.0048,2019-08-30T12:46:50.770000Z
221,1.10393,1.10395,1000000.0,1120000.0048,2019-08-30T12:46:50.922000Z
222,1.1039200000000002,1.10395,2440000.0572,1120000.0048,2019-08-30T12:46:51.460000Z
223,1.10393,1.10395,1000000.0,1000000.0,2019-08-30T12:46:57.052000Z
224,1.1039200000000002,1.10395,2119999.8856,2940000.0572,2019-08-30T12:46:58.353000Z
225,1.1039200000000002,1.10395,1250000.0,2140000.1049,2019-08-30T12:47:00.444000Z
226,1.1039200000000002,1.10395,1690000.0572,1200000.0477,2019-08-30T12:47:01.364000Z
227,1.1039200000000002,1.10395,1250000.0,1200000.0477,2019-08-30T12:47:01.580000Z
228,1.1039200000000002,1.10394,1750000.0,1000000.0,2019-08-30T12:47:01.838000Z
229,1.1039200000000002,1.10395,1250000.0,2509999.9905,2019-08-30T12:47:01.939000Z
230,1.1039200000000002,1.10394,1750000.0,1000000.0,2019-08-30T12:47:02.040000Z
231,1.1039200000000002,1.10395,1250000.0,2509999.9905,2019-08-30T12:47:02.160000Z
232,1.1039200000000002,1.10394,1750000.0,1000000.0,2019-08-30T12:47:02.999000Z
233,1.1039200000000002,1.10395,1250000.0,3259999.9905,2019-08-30T12:47:03.194000Z
234,1.1039200000000002,1.10395,2500000.0,2539999.9619,2019-08-30T12:47:03.803000Z
235,1.1039100000000002,1.10395,3250000.0,2140000.1049,2019-08-30T12:47:07.311000Z
236,1.1039100000000002,1.10394,5500000.0,1000000.0,2019-08-30T12:47:09.910000Z
237,1.1039100000000002,1.10395,4000000.0,1389999.9857,2019-08-30T12:47:10.112000Z
238,1.1039200000000002,1.10395,3000000.0,1600000.0238,2019-08-30T12:47:16.433000Z
239,1.1039200000000002,1.10395,3750000.0,1570000.0525,2019-08-30T12:47:16.534000Z
240,1.1039200000000002,1.10394,1750000.0,1000000.0,2019-08-30T12:47:17.227000Z
241,1.1039200000000002,1.10395,1370000.0048,1100000.0238,2019-08-30T12:47:18.160000Z
242,1.1039200000000002,1.10395,2869999.8856,2099999.9046,2019-08-30T12:47:18.656000Z
243,1.1039200000000002,1.10394,2059999.9428,1100000.0238,2019-08-30T12:47:21.399000Z
244,1.1039200000000002,1.10395,2809999.9428,2250000.0,2019-08-30T12:47:27.374000Z
245,1.10394,1.1039700000000001,1000000.0,4760000.2289,2019-08-30T12:47:27.454000Z
246,1.10396,1.10398,1000000.0,1000000.0,2019-08-30T12:47:27.555000Z
247,1.10394,1.10398,7869999.8856,1000000.0,2019-08-30T12:47:27.850000Z
248,1.10395,1.10398,2119999.8856,1000000.0,2019-08-30T12:47:27.952000Z
249,1.10394,1.1039700000000001,9750000.0,1000000.0,2019-08-30T12:47:28.999000Z
250,1.10395,1.10396,1000000.0,1000000.0,2019-08-30T12:47:29.100000Z
251,1.10393,1.1039700000000001,1750000.0,3200000.0477,2019-08-30T12:47:29.252000Z
252,1.10393,1.10395,1000000.0,1000000.0,2019-08-30T12:47:29.770000Z
253,1.1039200000000002,1.10395,1690000.0572,3220000.0286,2019-08-30T12:47:29.871000Z
254,1.10393,1.10395,1000000.0,1120000.0048,2019-08-30T12:47:30.391000Z
255,1.1039100000000002,1.10395,4369999.8856,1870000.0048,2019-08-30T12:47:30.593000Z
256,1.10393,1.10395,1000000.0,1720000.0286,2019-08-30T12:47:30.694000Z
257,1.1039200000000002,1.10395,1809999.9428,3369999.8856,2019-08-30T12:47:31.307000Z
258,1.1039200000000002,1.10395,1309999.9428,2319999.9332,2019-08-30T12:47:31.863000Z
259,1.1039200000000002,1.10395,2809999.9428,2849999.9046,2019-08-30T12:47:32.513000Z
260,1.1039200000000002,1.10395,1309999.9428,1950000.0477,2019-08-30T12:47:32.834000Z
261,1.1039200000000002,1.10395,1309999.9428,1970000.0286,2019-08-30T12:47:32.942000Z
262,1.1039200000000002,1.10395,1309999.9428,1500000.0,2019-08-30T12:47:33.043000Z
263,1.1039100000000002,1.10395,4809999.9428,3390000.1049,2019-08-30T12:47:33.881000Z
264,1.10394,1.10396,1500000.0,1600000.0238,2019-08-30T12:47:36.694000Z
265,1.10394,1.10398,1250000.0,3759999.9905,2019-08-30T12:47:36.745000Z
266,1.10393,1.10396,2869999.8856,1000000.0,2019-08-30T12:47:37.020000Z
267,1.10394,1.1039700000000001,1250000.0,3000000.0,2019-08-30T12:47:37.180000Z
268,1.10394,1.10396,1250000.0,1000000.0,2019-08-30T12:47:38.389000Z
269,1.10394,1.1039700000000001,1000000.0,5139999.8665,2019-08-30T12:47:39.028000Z
270,1.10396,1.10398,1000000.0,1200000.0477,2019-08-30T12:47:41.365000Z
271,1.10394,1.10398,2500000.0,2700000.0477,2019-08-30T12:47:41.481000Z
272,1.10394,1.1039700000000001,1250000.0,1350000.0238,2019-08-30T12:47:41.582000Z
273,1.10394,1.10398,1250000.0,6409999.8474,2019-08-30T12:47:42.404000Z
274,1.10393,1.10396,1250000.0,1000000.0,2019-08-30T12:47:42.638000Z
275,1.1039200000000002,1.10395,5119999.8856,1000000.0,2019-08-30T12:47:43.803000Z
276,1.1039200000000002,1.10395,2059999.9428,1000000.0,2019-08-30T12:47:43.993000Z
277,1.1039200000000002,1.10394,1309999.9428,1000000.0,2019-08-30T12:47:45.925000Z
278,1.1039100000000002,1.1039200000000002,1500000.0,1000000.0,2019-08-30T12:47:47.995000Z
279,1.1039,1.1039200000000002,1000000.0,1690000.0572,2019-08-30T12:47:48.097000Z
280,1.10389,1.1039100000000002,1000000.0,1870000.0048,2019-08-30T12:47:48.226000Z
281,1.10388,1.1039100000000002,1809999.9428,1120000.0048,2019-08-30T12:47:48.328000Z
282,1.1038700000000001,1.1039200000000002,3750000.0,3259999.9905,2019-08-30T12:47:49.162000Z
283,1.10389,1.1039200000000002,1000000.0,4760000.2289,2019-08-30T12:47:51.938000Z
284,1.10389,1.1039200000000002,1000000.0,4139999.8665,2019-08-30T12:47:52.365000Z
285,1.10388,1.1039200000000002,1690000.0572,2640000.1049,2019-08-30T12:47:52.830000Z
286,1.10389,1.1039200000000002,1000000.0,4889999.8665,2019-08-30T12:47:53.262000Z
287,1.10388,1.1039200000000002,1690000.0572,3390000.1049,2019-08-30T12:47:53.364000Z
288,1.10389,1.1039200000000002,1000000.0,4889999.8665,2019-08-30T12:47:53.812000Z
289,1.10388,1.1039200000000002,1309999.9428,3390000.1049,2019-08-30T12:47:53.913000Z
290,1.10388,1.1039200000000002,1309999.9428,3259999.9905,2019-08-30T12:47:54.435000Z
291,1.10388,1.1039200000000002,1309999.9428,3390000.1049,2019-08-30T12:47:56.065000Z
292,1.1038700000000001,1.1039200000000002,4500000.0,5719999.7902,2019-08-30T12:47:56.492000Z
293,1.1038700000000001,1.1039,1250000.0,2319999.9332,2019-08-30T12:47:56.638000Z
294,1.1038700000000001,1.1039100000000002,1309999.9428,2890000.1049,2019-08-30T12:47:56.740000Z
295,1.1038700000000001,1.1039100000000002,2119999.8856,1820000.0525,2019-08-30T12:47:57.392000Z
296,1.1038700000000001,1.1039100000000002,1120000.0048,1250000.0,2019-08-30T12:48:03.494000Z
297,1.10388,1.1039100000000002,1000000.0,1820000.0525,2019-08-30T12:48:03.782000Z
298,1.1038700000000001,1.1039100000000002,1120000.0048,1250000.0,2019-08-30T12:48:03.884000Z
299,1.10388,1.1039100000000002,1000000.0,1250000.0,2019-08-30T12:48:04.338000Z
300,1.10388,1.1039200000000002,2809999.9428,6760000.2289,2019-08-30T12:48:07.453000Z
301,1.10388,1.1039200000000002,5440000.0572,3559999.9428,2019-08-30T12:48:07.584000Z
302,1.10389,1.10393,1500000.0,8699999.8093,2019-08-30T12:48:07.685000Z
303,1.1039,1.10393,1250000.0,1570000.0525,2019-08-30T12:48:07.787000Z
304,1.1039,1.10394,3250000.0,2319999.9332,2019-08-30T12:48:08.322000Z
305,1.1039100000000002,1.10393,1000000.0,1309999.9428,2019-08-30T12:48:08.467000Z
306,1.10389,1.10393,1120000.0048,3450000.0477,2019-08-30T12:48:08.518000Z
307,1.10389,1.10393,1250000.0,1759999.9905,2019-08-30T12:48:09.573000Z
308,1.10389,1.1039200000000002,1000000.0,1350000.0238,2019-08-30T12:48:10.041000Z
309,1.10389,1.10393,1000000.0,5699999.8093,2019-08-30T12:48:12.587000Z
310,1.10389,1.1039200000000002,1120000.0048,2640000.1049,2019-08-30T12:48:13.613000Z
311,1.10389,1.1039200000000002,1500000.0,4219999.7902,2019-08-30T12:48:19.330000Z
312,1.10389,1.1039200000000002,4119999.8856,1220000.0286,2019-08-30T12:48:19.940000Z
313,1.1039,1.1039200000000002,1120000.0048,1000000.0,2019-08-30T12:48:20.041000Z
314,1.1039,1.10394,1690000.0572,2259999.9905,2019-08-30T12:48:22.826000Z
315,1.1039,1.10394,1750000.0,2099999.9046,2019-08-30T12:48:23.312000Z
316,1.1039,1.10394,7750000.0,2849999.9046,2019-08-30T12:48:23.514000Z
317,1.10389,1.10393,3250000.0,2250000.0,2019-08-30T12:48:24.871000Z
318,1.10389,1.1039200000000002,1250000.0,1100000.0238,2019-08-30T12:48:24.972000Z
319,1.10389,1.1039200000000002,1690000.0572,1100000.0238,2019-08-30T12:48:25.074000Z
320,1.10389,1.10393,1690000.0572,2289999.9619,2019-08-30T12:48:27.623000Z
321,1.1039,1.10393,1000000.0,3039999.9619,2019-08-30T12:48:29.486000Z
322,1.10389,1.1039200000000002,1690000.0572,1100000.0238,2019-08-30T12:48:30.016000Z
323,1.1039,1.1039200000000002,1000000.0,1600000.0238,2019-08-30T12:48:36.794000Z
324,1.10389,1.1039200000000002,2809999.9428,1600000.0238,2019-08-30T12:48:37.097000Z
325,1.10389,1.1039200000000002,2250000.0,2509999.9905,2019-08-30T12:48:40.301000Z
326,1.10389,1.1039200000000002,1500000.0,2599999.9046,2019-08-30T12:48:40.403000Z
327,1.1039,1.10393,1309999.9428,1100000.0238,2019-08-30T12:48:43.832000Z
328,1.1039,1.10394,6309999.9428,2259999.9905,2019-08-30T12:48:43.933000Z
329,1.1039,1.10394,2559999.9428,2140000.1049,2019-08-30T12:48:43.984000Z
330,1.1039100000000002,1.10394,2440000.0572,1100000.0238,2019-08-30T12:48:45.022000Z
331,1.1039100000000002,1.10395,2440000.0572,3759999.9905,2019-08-30T12:48:45.270000Z
332,1.1039100000000002,1.10394,2440000.0572,1100000.0238,2019-08-30T12:48:45.371000Z
333,1.1039100000000002,1.10394,3190000.0572,1100000.0238,2019-08-30T12:48:45.473000Z
334,1.1039200000000002,1.10395,1000000.0,5260000.2289,2019-08-30T12:48:46.450000Z
335,1.1039100000000002,1.10394,1000000.0,1350000.0238,2019-08-30T12:48:46.625000Z
336,1.1039200000000002,1.10394,1000000.0,2259999.9905,2019-08-30T12:48:52.311000Z
337,1.1039100000000002,1.10395,4309999.9428,2259999.9905,2019-08-30T12:48:52.413000Z
338,1.1039100000000002,1.10395,3190000.0572,2509999.9905,2019-08-30T12:48:52.565000Z
339,1.1039100000000002,1.10395,3250000.0,1100000.0238,2019-08-30T12:48:53.081000Z
340,1.1039100000000002,1.10395,3940000.0572,1009999.9905,2019-08-30T12:48:54.490000Z
341,1.1039100000000002,1.10395,5500000.0,1100000.0238,2019-08-30T12:48:54.747000Z
342,1.1039100000000002,1.10395,5440000.0572,1009999.9905,2019-08-30T12:48:54.887000Z
343,1.1039200000000002,1.10396,1000000.0,3470000.0286,2019-08-30T12:48:55.596000Z
344,1.1039100000000002,1.10395,4309999.9428,1389999.9857,2019-08-30T12:48:59.441000Z
345,1.1039200000000002,1.10395,1000000.0,1250000.0,2019-08-30T12:48:59.865000Z
346,1.1039100000000002,1.10395,4309999.9428,1250000.0,2019-08-30T12:48:59.972000Z
347,1.1039100000000002,1.10395,4750000.0,1000000.0,2019-08-30T12:49:00.834000Z
348,1.1039100000000002,1.10395,5500000.0,1600000.0238,2019-08-30T12:49:00.935000Z
349,1.1039100000000002,1.10395,3190000.0572,1350000.0238,2019-08-30T12:49:01.065000Z
350,1.1039200000000002,1.10395,1000000.0,1909999.9666,2019-08-30T12:49:01.167000Z
351,1.1039100000000002,1.10395,3190000.0572,1350000.0238,2019-08-30T12:49:01.268000Z
352,1.1039200000000002,1.10395,1500000.0,1350000.0238,2019-08-30T12:49:01.693000Z
353,1.1039200000000002,1.10396,1250000.0,4889999.8665,2019-08-30T12:49:01.794000Z
354,1.1039200000000002,1.10396,1690000.0572,4760000.2289,2019-08-30T12:49:04.480000Z
355,1.1039100000000002,1.10396,4000000.0,3410000.0858,2019-08-30T12:49:06.091000Z
356,1.1039100000000002,1.10396,4000000.0,3259999.9905,2019-08-30T12:49:06.192000Z
357,1.1039100000000002,1.10396,5250000.0,3390000.1049,2019-08-30T12:49:07.008000Z
358,1.1039200000000002,1.10395,1309999.9428,1100000.0238,2019-08-30T12:49:08.020000Z
359,1.10393,1.10396,1000000.0,3759999.9905,2019-08-30T12:49:12.703000Z
360,1.10393,1.10396,1000000.0,3259999.9905,2019-08-30T12:49:13.155000Z
361,1.1039100000000002,1.10396,6369999.8856,3259999.9905,2019-08-30T12:49:13.257000Z
362,1.1039200000000002,1.10395,2809999.9428,1000000.0,2019-08-30T12:49:15.985000Z
363,1.1039100000000002,1.10395,3190000.0572,2289999.9619,2019-08-30T12:49:16.104000Z
364,1.1039,1.1039200000000002,1870000.0048,1600000.0238,2019-08-30T12:49:16.156000Z
365,1.1039,1.1039200000000002,1000000.0,4969999.7902,2019-08-30T12:49:16.258000Z
366,1.1039,1.1039200000000002,1620000.0048,3450000.0477,2019-08-30T12:49:16.410000Z
367,1.10389,1.10393,2940000.0572,4309999.9428,2019-08-30T12:49:16.511000Z
368,1.1039100000000002,1.10394,1250000.0,4159999.8474,2019-08-30T12:49:16.663000Z
369,1.1039,1.10394,4119999.8856,1009999.9905,2019-08-30T12:49:16.764000Z
370,1.1039100000000002,1.10395,1250000.0,1309999.9428,2019-08-30T12:49:17.118000Z
371,1.1039100000000002,1.10395,1000000.0,2319999.9332,2019-08-30T12:49:20.471000Z
372,1.1039,1.10395,6000000.0,2509999.9905,2019-08-30T12:49:20.572000Z
373,1.1039,1.10395,4750000.0,2319999.9332,2019-08-30T12:49:20.731000Z
374,1.1039,1.10395,9750000.0,2450000.0477,2019-08-30T12:49:27.011000Z
375,1.1039,1.10395,9750000.0,2319999.9332,2019-08-30T12:49:27.501000Z
376,1.1039100000000002,1.10395,2059999.9428,4760000.2289,2019-08-30T12:49:27.755000Z
377,1.1039100000000002,1.10393,1000000.0,1500000.0,2019-08-30T12:49:28.712000Z
378,1.1039,1.10393,1690000.0572,4119999.8856,2019-08-30T12:49:28.763000Z
379,1.1039,1.10393,1250000.0,3319999.9332,2019-08-30T12:49:28.915000Z
380,1.10389,1.10393,1690000.0572,3069999.9332,2019-08-30T12:49:32.449000Z
381,1.1039200000000002,1.10394,3440000.0572,3450000.0477,2019-08-30T12:49:32.600000Z
382,1.10396,1.1039700000000001,1120000.0048,3190000.0572,2019-08-30T12:49:32.651000Z
383,1.10399,1.104,1000000.0,1309999.9428,2019-08-30T12:49:32.702000Z
384,1.104,1.10403,1500000.0,1850000.0238,2019-08-30T12:49:32.753000Z
385,1.104,1.1040200000000002,4690000.0572,1000000.0,2019-08-30T12:49:32.855000Z
386,1.10398,1.10403,7000000.0,3789999.9619,2019-08-30T12:49:32.956000Z
387,1.10398,1.10403,4750000.0,3700000.0477,2019-08-30T12:49:33.058000Z
388,1.10398,1.1040200000000002,5619999.8856,2950000.0477,2019-08-30T12:49:34.217000Z
389,1.10399,1.1040100000000002,1370000.0048,1100000.0238,2019-08-30T12:49:34.494000Z
390,1.10398,1.1040100000000002,2559999.9428,1100000.0238,2019-08-30T12:49:34.792000Z
391,1.10399,1.1040200000000002,1370000.0048,3759999.9905,2019-08-30T12:49:35.156000Z
392,1.10399,1.1040200000000002,1870000.0048,1309999.9428,2019-08-30T12:49:35.346000Z
393,1.104,1.10404,3619999.8856,2450000.0477,2019-08-30T12:49:35.473000Z
394,1.1040100000000002,1.1040200000000002,1000000.0,1000000.0,2019-08-30T12:49:35.759000Z
395,1.10399,1.1040200000000002,2190000.0572,1000000.0,2019-08-30T12:49:35.861000Z
396,1.10399,1.1040200000000002,1309999.9428,1200000.0477,2019-08-30T12:49:36.917000Z
397,1.10399,1.10403,1309999.9428,2509999.9905,2019-08-30T12:49:40.037000Z
398,1.10399,1.10403,2869999.8856,2319999.9332,2019-08-30T12:49:40.334000Z
399,1.104,1.10404,3690000.0572,2140000.1049,2019-08-30T12:49:40.487000Z
400,1.104,1.10403,6309999.9428,1500000.0,2019-08-30T12:49:40.689000Z
401,1.104,1.10404,1309999.9428,4159999.8474,2019-08-30T12:49:40.791000Z
402,1.10406,1.10409,1500000.0,1600000.0238,2019-08-30T12:49:44.058000Z
403,1.10409,1.1041,1000000.0,1690000.0572,2019-08-30T12:49:44.160000Z
404,1.10408,1.1041200000000002,1250000.0,2890000.1049,2019-08-30T12:49:44.211000Z
405,1.10408,1.1041100000000001,1690000.0572,1200000.0477,2019-08-30T12:49:44.313000Z
406,1.10408,1.1041100000000001,1370000.0048,1690000.0572,2019-08-30T12:49:44.415000Z
407,1.10407,1.1041100000000001,2059999.9428,2660000.0858,2019-08-30T12:49:44.516000Z
408,1.10404,1.10408,1750000.0,2569999.9332,2019-08-30T12:49:44.717000Z
409,1.10403,1.10408,1690000.0572,4219999.7902,2019-08-30T12:49:44.819000Z
410,1.1040200000000002,1.10406,1750000.0,3000000.0,2019-08-30T12:49:44.971000Z
411,1.1040100000000002,1.10406,2559999.9428,3700000.0477,2019-08-30T12:49:45.072000Z
412,1.1040100000000002,1.10405,5440000.0572,1009999.9905,2019-08-30T12:49:47.091000Z
413,1.1040200000000002,1.10405,1000000.0,1759999.9905,2019-08-30T12:49:47.351000Z
414,1.1040100000000002,1.10405,5440000.0572,1009999.9905,2019-08-30T12:49:47.494000Z
415,1.10406,1.10407,1500000.0,2319999.9332,2019-08-30T12:49:48.549000Z
416,1.10408,1.10409,4500000.0,1950000.0477,2019-08-30T12:49:48.698000Z
417,1.10407,1.1041100000000001,3750000.0,3640000.1049,2019-08-30T12:49:48.754000Z
418,1.10407,1.1041100000000001,1000000.0,4199999.8093,2019-08-30T12:49:48.856000Z
419,1.10407,1.10408,1000000.0,1200000.0477,2019-08-30T12:49:48.906000Z
420,1.10405,1.10409,2809999.9428,2849999.9046,2019-08-30T12:49:49.008000Z
421,1.10405,1.1041,1370000.0048,2099999.9046,2019-08-30T12:49:49.674000Z
422,1.10407,1.1041,1500000.0,1200000.0477,2019-08-30T12:49:49.725000Z
423,1.10408,1.1041100000000001,1250000.0,1250000.0,2019-08-30T12:49:49.841000Z
424,1.1041,1.1041100000000001,1000000.0,1000000.0,2019-08-30T12:49:50.043000Z
425,1.10409,1.1041100000000001,1250000.0,1000000.0,2019-08-30T12:49:50.324000Z
426,1.10409,1.10413,2059999.9428,4389999.8665,2019-08-30T12:49:52.981000Z
427,1.10409,1.10413,4309999.9428,5949999.8093,2019-08-30T12:49:53.125000Z
428,1.1041,1.10413,1000000.0,4000000.0,2019-08-30T12:49:56.122000Z
429,1.1041,1.10413,2809999.9428,1500000.0,2019-08-30T12:49:56.173000Z
430,1.1041100000000001,1.1041400000000001,2000000.0,1759999.9905,2019-08-30T12:49:56.224000Z
431,1.1041,1.1041400000000001,1809999.9428,2509999.9905,2019-08-30T12:49:56.325000Z
432,1.1041,1.10413,1250000.0,1000000.0,2019-08-30T12:49:56.435000Z
433,1.1041100000000001,1.10415,1750000.0,1000000.0,2019-08-30T12:49:56.638000Z
434,1.1041200000000002,1.1041400000000001,1000000.0,3829999.9237,2019-08-30T12:49:57.231000Z
435,1.1041,1.10413,1120000.0048,1309999.9428,2019-08-30T12:49:57.363000Z
436,1.1041,1.10413,1000000.0,2640000.1049,2019-08-30T12:49:58.352000Z
437,1.10409,1.10413,1809999.9428,3259999.9905,2019-08-30T12:49:59.687000Z
438,1.10409,1.10413,1620000.0048,3319999.9332,2019-08-30T12:50:00.052000Z
439,1.10409,1.10413,1620000.0048,3470000.0286,2019-08-30T12:50:00.191000Z
440,1.10409,1.10413,1620000.0048,2569999.9332,2019-08-30T12:50:00.692000Z
441,1.10409,1.10413,1870000.0048,1350000.0238,2019-08-30T12:50:09.248000Z
442,1.10409,1.10413,1500000.0,2319999.9332,2019-08-30T12:50:10.771000Z
443,1.10409,1.10413,1000000.0,1950000.0477,2019-08-30T12:50:11.830000Z
444,1.1041,1.10413,1000000.0,2720000.0286,2019-08-30T12:50:12.326000Z
445,1.1041,1.10413,2750000.0,1009999.9905,2019-08-30T12:50:12.653000Z
446,1.1041100000000001,1.1041400000000001,1309999.9428,1120000.0048,2019-08-30T12:50:12.755000Z
447,1.1041100000000001,1.10415,1370000.0048,1100000.0238,2019-08-30T12:50:12.856000Z
448,1.1041100000000001,1.10415,1309999.9428,1350000.0238,2019-08-30T12:50:12.957000Z
449,1.1041100000000001,1.10415,2869999.8856,1889999.9857,2019-08-30T12:50:13.008000Z
450,1.1041100000000001,1.10415,2809999.9428,1889999.9857,2019-08-30T12:50:13.161000Z
451,1.1041200000000002,1.10415,1250000.0,1759999.9905,2019-08-30T12:50:13.212000Z
452,1.1041100000000001,1.10415,1309999.9428,1009999.9905,2019-08-30T12:50:13.447000Z
453,1.1041100000000001,1.10416,5869999.8856,6409999.8474,2019-08-30T12:50:13.548000Z
454,1.10413,1.10415,1870000.0048,1100000.0238,2019-08-30T12:50:13.926000Z
455,1.1041400000000001,1.10418,1870000.0048,7570000.1717,2019-08-30T12:50:14.028000Z
456,1.10415,1.10418,3119999.8856,4199999.8093,2019-08-30T12:50:14.079000Z
457,1.10416,1.10418,5809999.9428,2140000.1049,2019-08-30T12:50:14.129000Z
458,1.10416,1.10417,1250000.0,1000000.0,2019-08-30T12:50:14.231000Z
459,1.10415,1.10418,3190000.0572,2829999.9237,2019-08-30T12:50:14.373000Z
460,1.1041400000000001,1.10418,1750000.0,3039999.9619,2019-08-30T12:50:14.474000Z
461,1.10413,1.10418,3559999.9428,5730000.0191,2019-08-30T12:50:14.626000Z
462,1.1041400000000001,1.10416,1000000.0,1000000.0,2019-08-30T12:50:14.779000Z
463,1.10413,1.10416,2809999.9428,1000000.0,2019-08-30T12:50:14.880000Z
464,1.1041400000000001,1.10416,1000000.0,1100000.0238,2019-08-30T12:50:15.131000Z
465,1.10413,1.10416,2809999.9428,1100000.0238,2019-08-30T12:50:15.253000Z
466,1.1041400000000001,1.10416,1000000.0,1000000.0,2019-08-30T12:50:15.840000Z
467,1.10413,1.10416,3190000.0572,1000000.0,2019-08-30T12:50:15.941000Z
468,1.1041400000000001,1.10417,1250000.0,1100000.0238,2019-08-30T12:50:16.093000Z
469,1.1041400000000001,1.10417,1250000.0,1120000.0048,2019-08-30T12:50:16.195000Z
470,1.1041400000000001,1.10418,3559999.9428,4760000.2289,2019-08-30T12:50:17.532000Z
471,1.10415,1.10418,1750000.0,1389999.9857,2019-08-30T12:50:17.634000Z
472,1.10415,1.10419,2440000.0572,2660000.0858,2019-08-30T12:50:17.763000Z
473,1.1041400000000001,1.10418,5860000.1335,1509999.9905,2019-08-30T12:50:18.432000Z
474,1.1041400000000001,1.10418,2809999.9428,4539999.9619,2019-08-30T12:50:18.533000Z
475,1.1041400000000001,1.10417,2119999.8856,3259999.9905,2019-08-30T12:50:19.198000Z
476,1.1041400000000001,1.10417,1309999.9428,1350000.0238,2019-08-30T12:50:19.788000Z
477,1.1041400000000001,1.10416,1370000.0048,1200000.0477,2019-08-30T12:50:20.452000Z
478,1.10413,1.10416,1120000.0048,2119999.8856,2019-08-30T12:50:21.023000Z
479,1.1041200000000002,1.10416,3750000.0,2569999.9332,2019-08-30T12:50:21.175000Z
480,1.10413,1.10416,1250000.0,1750000.0,2019-08-30T12:50:36.944000Z
481,1.10413,1.10416,1309999.9428,1250000.0,2019-08-30T12:50:38.230000Z
482,1.1041400000000001,1.10416,1000000.0,1250000.0,2019-08-30T12:50:38.440000Z
483,1.10413,1.10416,1309999.9428,1250000.0,2019-08-30T12:50:38.711000Z
484,1.1041400000000001,1.10416,1000000.0,1250000.0,2019-08-30T12:50:38.850000Z
485,1.10416,1.10418,1000000.0,3369999.8856,2019-08-30T12:50:38.952000Z
486,1.1041400000000001,1.10417,3640000.1049,1500000.0,2019-08-30T12:50:39.053000Z
487,1.10415,1.10418,1309999.9428,4119999.8856,2019-08-30T12:50:39.155000Z
488,1.10415,1.10417,1000000.0,1000000.0,2019-08-30T12:50:39.357000Z
489,1.10415,1.10418,1870000.0048,2809999.9428,2019-08-30T12:50:39.684000Z
490,1.10415,1.10417,1000000.0,1500000.0,2019-08-30T12:50:39.886000Z
491,1.10415,1.10418,4000000.0,3500000.0,2019-08-30T12:50:45.522000Z
492,1.10417,1.1042,1250000.0,1950000.0477,2019-08-30T12:50:45.623000Z
493,1.10417,1.1042,1000000.0,1250000.0,2019-08-30T12:50:45.725000Z
494,1.10416,1.10418,1870000.0048,2119999.8856,2019-08-30T12:50:46.143000Z
495,1.1041400000000001,1.10418,1009999.9905,4130000.1144,2019-08-30T12:50:46.194000Z
496,1.1041400000000001,1.10418,1009999.9905,4699999.8093,2019-08-30T12:50:47.242000Z
497,1.1041400000000001,1.10416,1100000.0238,1000000.0,2019-08-30T12:50:48.043000Z
498,1.1041400000000001,1.10417,1100000.0238,4119999.8856,2019-08-30T12:50:49.719000Z
499,1.1041400000000001,1.10416,1000000.0,1250000.0,2019-08-30T12:50:52.773000Z
500,1.1041400000000001,1.10416,1000000.0,2190000.0572,2019-08-30T12:50:52.874000Z
501,1.10413,1.10416,2809999.9428,1500000.0,2019-08-30T12:50:52.976000Z
502,1.1041200000000002,1.10413,2140000.1049,1000000.0,2019-08-30T12:50:53.077000Z
503,1.1041100000000001,1.1041400000000001,2559999.9428,1870000.0048,2019-08-30T12:50:53.195000Z
504,1.1041,1.10413,2319999.9332,1309999.9428,2019-08-30T12:50:53.296000Z
505,1.1041,1.10415,6820000.1717,4369999.8856,2019-08-30T12:50:53.398000Z
506,1.1041200000000002,1.10415,1009999.9905,1870000.0048,2019-08-30T12:50:53.499000Z
507,1.10413,1.10415,1000000.0,2250000.0,2019-08-30T12:50:53.600000Z
508,1.1041200000000002,1.10415,2059999.9428,1500000.0,2019-08-30T12:50:53.702000Z
509,1.1041200000000002,1.10415,2259999.9905,1120000.0048,2019-08-30T12:50:56.578000Z
510,1.1041200000000002,1.10415,1000000.0,1309999.9428,2019-08-30T12:51:00.066000Z
511,1.1041200000000002,1.10415,1009999.9905,1370000.0048,2019-08-30T12:51:04.372000Z
512,1.1041200000000002,1.10415,2569999.9332,2059999.9428,2019-08-30T12:51:04.481000Z
513,1.1041200000000002,1.1041400000000001,2869999.8856,1500000.0,2019-08-30T12:51:10.653000Z
514,1.1041100000000001,1.1041400000000001,1309999.9428,3750000.0,2019-08-30T12:51:10.705000Z
515,1.1041,1.1041200000000002,1750000.0,1000000.0,2019-08-30T12:51:10.806000Z
516,1.10409,1.1041200000000002,1809999.9428,1950000.0477,2019-08-30T12:51:10.954000Z
517,1.10409,1.1041100000000001,2559999.9428,1000000.0,2019-08-30T12:51:12.460000Z
518,1.10409,1.1041200000000002,1809999.9428,1870000.0048,2019-08-30T12:51:12.868000Z
519,1.10409,1.1041200000000002,1000000.0,4440000.0572,2019-08-30T12:51:13.441000Z
520,1.10408,1.1041100000000001,4119999.8856,2059999.9428,2019-08-30T12:51:13.492000Z
521,1.10408,1.10409,1120000.0048,1000000.0,2019-08-30T12:51:13.543000Z
522,1.10406,1.10409,5340000.1526,1500000.0,2019-08-30T12:51:13.645000Z
523,1.10405,1.10408,5139999.8665,1000000.0,2019-08-30T12:51:13.746000Z
524,1.10403,1.10407,2509999.9905,1250000.0,2019-08-30T12:51:13.886000Z
525,1.10405,1.10407,1500000.0,1000000.0,2019-08-30T12:51:14.683000Z
526,1.10403,1.10407,7570000.1717,1000000.0,2019-08-30T12:51:14.785000Z
527,1.10403,1.10406,2569999.9332,1000000.0,2019-08-30T12:51:16.135000Z
528,1.10403,1.10407,2500000.0,1500000.0,2019-08-30T12:51:16.699000Z
529,1.10403,1.10406,4000000.0,1000000.0,2019-08-30T12:51:18.538000Z
530,1.10403,1.10407,2500000.0,3000000.0,2019-08-30T12:51:18.639000Z
531,1.10403,1.10407,2440000.0572,3190000.0572,2019-08-30T12:51:19.092000Z
532,1.10403,1.10406,3190000.0572,1000000.0,2019-08-30T12:51:20.146000Z
533,1.10403,1.10407,2440000.0572,2440000.0572,2019-08-30T12:51:20.298000Z
534,1.10403,1.10407,2569999.9332,1000000.0,2019-08-30T12:51:20.872000Z
535,1.10404,1.10406,1250000.0,1000000.0,2019-08-30T12:51:21.532000Z
536,1.10403,1.10407,2500000.0,1500000.0,2019-08-30T12:51:21.633000Z
537,1.10403,1.10406,3750000.0,1000000.0,2019-08-30T12:51:23.940000Z
538,1.10403,1.10407,2190000.0572,3559999.9428,2019-08-30T12:51:24.041000Z
539,1.10403,1.10407,1690000.0572,3190000.0572,2019-08-30T12:51:24.264000Z
540,1.10403,1.10406,2440000.0572,1500000.0,2019-08-30T12:51:26.812000Z
541,1.10403,1.10407,2140000.1049,2509999.9905,2019-08-30T12:51:27.819000Z
542,1.10403,1.10406,2509999.9905,1000000.0,2019-08-30T12:51:30.370000Z
543,1.10403,1.10407,1759999.9905,3559999.9428,2019-08-30T12:51:30.471000Z
544,1.10403,1.10406,2509999.9905,1500000.0,2019-08-30T12:51:31.071000Z
545,1.10405,1.10408,3559999.9428,1950000.0477,2019-08-30T12:51:34.786000Z
546,1.10406,1.10409,2940000.0572,1000000.0,2019-08-30T12:51:34.910000Z
547,1.10406,1.1041,2190000.0572,3190000.0572,2019-08-30T12:51:35.011000Z
548,1.10406,1.10409,2190000.0572,1100000.0238,2019-08-30T12:51:35.163000Z
549,1.10406,1.10407,1000000.0,1000000.0,2019-08-30T12:51:35.269000Z
550,1.10405,1.10408,1620000.0048,2059999.9428,2019-08-30T12:51:35.370000Z
551,1.10405,1.10407,2000000.0,1000000.0,2019-08-30T12:51:35.573000Z
552,1.10405,1.10408,2000000.0,3940000.0572,2019-08-30T12:51:35.674000Z
553,1.10405,1.10409,2190000.0572,4309999.9428,2019-08-30T12:51:36.662000Z
554,1.10405,1.10408,6000000.0,2440000.0572,2019-08-30T12:51:36.764000Z
555,1.10405,1.10409,2190000.0572,3190000.0572,2019-08-30T12:51:36.916000Z
556,1.10405,1.10408,2940000.0572,1000000.0,2019-08-30T12:51:37.018000Z
557,1.10405,1.10409,2940000.0572,1690000.0572,2019-08-30T12:51:37.171000Z
558,1.10405,1.10408,2259999.9905,1000000.0,2019-08-30T12:51:37.330000Z
559,1.10405,1.10409,2940000.0572,2440000.0572,2019-08-30T12:51:37.721000Z
560,1.10405,1.10408,5190000.0572,1500000.0,2019-08-30T12:51:37.822000Z
561,1.10405,1.10407,2000000.0,1000000.0,2019-08-30T12:51:38.058000Z
562,1.10405,1.10407,1500000.0,1000000.0,2019-08-30T12:51:38.160000Z
563,1.10405,1.10409,1500000.0,4449999.8093,2019-08-30T12:51:38.280000Z
564,1.10405,1.10409,1970000.0286,4369999.8856,2019-08-30T12:51:39.200000Z
565,1.10405,1.10407,1120000.0048,1000000.0,2019-08-30T12:51:40.064000Z
566,1.10405,1.10408,1200000.0477,4000000.0,2019-08-30T12:51:40.165000Z
567,1.10405,1.10408,2059999.9428,3750000.0,2019-08-30T12:51:41.054000Z
568,1.10405,1.10408,2569999.9332,2250000.0,2019-08-30T12:51:41.307000Z
569,1.10405,1.10408,1450000.0477,1000000.0,2019-08-30T12:51:41.408000Z
570,1.10405,1.10409,2569999.9332,4119999.8856,2019-08-30T12:51:41.510000Z
571,1.10405,1.10409,2509999.9905,4309999.9428,2019-08-30T12:51:41.723000Z
572,1.10406,1.10408,1250000.0,1000000.0,2019-08-30T12:51:41.929000Z
573,1.10406,1.10409,2200000.0477,2440000.0572,2019-08-30T12:51:42.375000Z
574,1.10408,1.1041,1600000.0238,1120000.0048,2019-08-30T12:51:42.477000Z
575,1.10409,1.1041200000000002,2099999.9046,2059999.9428,2019-08-30T12:51:42.578000Z
576,1.10409,1.1041100000000001,1600000.0238,1000000.0,2019-08-30T12:51:42.789000Z
577,1.10413,1.10415,1000000.0,2059999.9428,2019-08-30T12:51:43.329000Z
578,1.1041200000000002,1.1041400000000001,1200000.0477,1250000.0,2019-08-30T12:51:43.431000Z
579,1.1041200000000002,1.10415,2569999.9332,2059999.9428,2019-08-30T12:51:43.533000Z
580,1.1041200000000002,1.10415,1200000.0477,2059999.9428,2019-08-30T12:51:43.634000Z
581,1.1041200000000002,1.10415,2470000.0286,2059999.9428,2019-08-30T12:51:43.757000Z
582,1.1041200000000002,1.1041400000000001,2470000.0286,1000000.0,2019-08-30T12:51:44.026000Z
583,1.1041200000000002,1.10415,2470000.0286,1309999.9428,2019-08-30T12:51:44.232000Z
584,1.1041200000000002,1.10416,5599999.9046,3369999.8856,2019-08-30T12:51:47.795000Z
585,1.10413,1.10416,2509999.9905,3619999.8856,2019-08-30T12:51:48.678000Z
586,1.10413,1.10416,1570000.0525,3559999.9428,2019-08-30T12:51:48.877000Z
587,1.1041400000000001,1.10416,1000000.0,4119999.8856,2019-08-30T12:51:49.040000Z
588,1.10413,1.10416,1570000.0525,3559999.9428,2019-08-30T12:51:49.258000Z
589,1.10413,1.10416,1820000.0525,3559999.9428,2019-08-30T12:51:49.411000Z
590,1.10413,1.10416,1200000.0477,3559999.9428,2019-08-30T12:51:49.800000Z
591,1.10413,1.10416,2200000.0477,3559999.9428,2019-08-30T12:51:50Z
592,1.10413,1.10416,2259999.9905,3619999.8856,2019-08-30T12:51:50.332000Z
593,1.10413,1.10416,2259999.9905,3369999.8856,2019-08-30T12:51:50.484000Z
594,1.10415,1.10416,1870000.0048,1120000.0048,2019-08-30T12:51:51.142000Z
595,1.10416,1.10418,1009999.9905,1120000.0048,2019-08-30T12:51:51.244000Z
596,1.10417,1.10418,1000000.0,1870000.0048,2019-08-30T12:51:51.346000Z
597,1.10416,1.10418,2140000.1049,1120000.0048,2019-08-30T12:51:51.448000Z
598,1.10416,1.10418,1789999.9619,1309999.9428,2019-08-30T12:51:51.705000Z
599,1.10417,1.1042,4889999.8665,3000000.0,2019-08-30T12:51:51.807000Z
600,1.10418,1.1042200000000002,1120000.0048,8119999.8856,2019-08-30T12:51:51.908000Z
601,1.10419,1.1042100000000001,1000000.0,1250000.0,2019-08-30T12:51:52.009000Z
602,1.10418,1.1042200000000002,3039999.9619,3940000.0572,2019-08-30T12:51:52.121000Z
603,1.10419,1.1042200000000002,2099999.9046,2440000.0572,2019-08-30T12:51:52.222000Z
604,1.10419,1.1042200000000002,2640000.1049,1500000.0,2019-08-30T12:51:54.141000Z
605,1.1042,1.10423,2059999.9428,3000000.0,2019-08-30T12:51:54.762000Z
606,1.1042,1.10423,2069999.9332,1250000.0,2019-08-30T12:51:54.863000Z
607,1.10419,1.1042200000000002,1850000.0238,3000000.0,2019-08-30T12:51:54.964000Z
608,1.10419,1.1042200000000002,1100000.0238,2869999.8856,2019-08-30T12:51:55.015000Z
609,1.10418,1.1042200000000002,5070000.1717,1250000.0,2019-08-30T12:51:55.116000Z
610,1.10418,1.1042200000000002,4889999.8665,1250000.0,2019-08-30T12:51:55.218000Z
611,1.10419,1.10423,3220000.0286,7369999.8856,2019-08-30T12:51:55.386000Z
612,1.1042,1.1042200000000002,2119999.8856,1870000.0048,2019-08-30T12:51:56.195000Z
613,1.10423,1.10424,1570000.0525,1870000.0048,2019-08-30T12:51:56.297000Z
614,1.10423,1.10426,1200000.0477,1690000.0572,2019-08-30T12:51:56.440000Z
615,1.10423,1.10426,2099999.9046,1690000.0572,2019-08-30T12:51:56.646000Z
616,1.10423,1.10426,1100000.0238,1690000.0572,2019-08-30T12:51:56.747000Z
617,1.10424,1.10427,1000000.0,3619999.8856,2019-08-30T12:51:56.848000Z
618,1.10423,1.10427,1100000.0238,5619999.8856,2019-08-30T12:51:57.213000Z
619,1.10423,1.10427,1100000.0238,9369999.8856,2019-08-30T12:52:04.219000Z
620,1.1042200000000002,1.10427,4539999.9619,9000000.0,2019-08-30T12:52:06.371000Z
621,1.10424,1.10426,1000000.0,1250000.0,2019-08-30T12:52:10.386000Z
622,1.10423,1.10427,1950000.0477,3619999.8856,2019-08-30T12:52:10.911000Z
623,1.1042200000000002,1.10424,1600000.0238,1500000.0,2019-08-30T12:52:11.022000Z
624,1.1042100000000001,1.10424,2160000.0858,4869999.8856,2019-08-30T12:52:11.123000Z
625,1.1042,1.10423,2220000.0286,1309999.9428,2019-08-30T12:52:11.225000Z
626,1.1042,1.10423,1500000.0,1309999.9428,2019-08-30T12:52:11.326000Z
627,1.1042100000000001,1.10423,1000000.0,2059999.9428,2019-08-30T12:52:12.531000Z
628,1.1042,1.10423,1000000.0,1309999.9428,2019-08-30T12:52:12.632000Z
629,1.1042,1.10423,1120000.0048,1809999.9428,2019-08-30T12:52:13.143000Z
630,1.1042,1.10423,1000000.0,1309999.9428,2019-08-30T12:52:14.214000Z
631,1.1042,1.1042200000000002,1000000.0,1000000.0,2019-08-30T12:52:14.967000Z
632,1.1042,1.1042200000000002,1500000.0,1250000.0,2019-08-30T12:52:15.069000Z
633,1.10419,1.1042100000000001,1000000.0,1370000.0048,2019-08-30T12:52:17.131000Z
634,1.10418,1.1042,1570000.0525,1690000.0572,2019-08-30T12:52:17.182000Z
635,1.10417,1.10419,1120000.0048,1870000.0048,2019-08-30T12:52:17.284000Z
636,1.10417,1.10418,1870000.0048,1000000.0,2019-08-30T12:52:17.538000Z
637,1.10417,1.10419,1120000.0048,1870000.0048,2019-08-30T12:52:17.640000Z
638,1.10417,1.10418,1870000.0048,1000000.0,2019-08-30T12:52:17.804000Z
639,1.10417,1.10419,1120000.0048,1870000.0048,2019-08-30T12:52:17.947000Z
640,1.10417,1.10418,1870000.0048,1000000.0,2019-08-30T12:52:18.099000Z
641,1.10417,1.10419,1120000.0048,1870000.0048,2019-08-30T12:52:18.251000Z
642,1.10417,1.10418,1870000.0048,1000000.0,2019-08-30T12:52:18.550000Z
643,1.10416,1.10419,2640000.1049,1500000.0,2019-08-30T12:52:18.702000Z
644,1.10417,1.10418,1120000.0048,1000000.0,2019-08-30T12:52:19.629000Z
645,1.10415,1.10417,2700000.0477,3750000.0,2019-08-30T12:52:19.680000Z
646,1.10413,1.10415,2509999.9905,1250000.0,2019-08-30T12:52:19.811000Z
647,1.10413,1.10415,2539999.9619,1000000.0,2019-08-30T12:52:21.774000Z
648,1.10413,1.10415,1759999.9905,1000000.0,2019-08-30T12:52:22.240000Z
649,1.10413,1.10415,1789999.9619,1000000.0,2019-08-30T12:52:22.979000Z
650,1.10413,1.10415,1570000.0525,1000000.0,2019-08-30T12:52:23.080000Z
651,1.10413,1.10415,2470000.0286,1000000.0,2019-08-30T12:52:26.120000Z
652,1.10415,1.10416,1000000.0,1250000.0,2019-08-30T12:52:28.280000Z
653,1.1041400000000001,1.10415,1389999.9857,1000000.0,2019-08-30T12:52:28.481000Z
654,1.10415,1.10416,1000000.0,1309999.9428,2019-08-30T12:52:28.901000Z
655,1.1041400000000001,1.10415,1389999.9857,1000000.0,2019-08-30T12:52:29.025000Z
656,1.1041400000000001,1.10416,1820000.0525,1120000.0048,2019-08-30T12:52:29.380000Z
657,1.10416,1.10417,1309999.9428,1120000.0048,2019-08-30T12:52:29.431000Z
658,1.1042100000000001,1.10423,1000000.0,2440000.0572,2019-08-30T12:52:29.481000Z
659,1.1042,1.10423,4869999.8856,1750000.0,2019-08-30T12:52:29.532000Z
660,1.1042200000000002,1.10423,1100000.0238,2619999.8856,2019-08-30T12:52:29.583000Z
661,1.1042200000000002,1.10425,2450000.0477,4369999.8856,2019-08-30T12:52:29.684000Z
662,1.1042200000000002,1.10425,2720000.0286,5809999.9428,2019-08-30T12:52:29.789000Z
663,1.1042200000000002,1.10424,2099999.9046,12369999.8856,2019-08-30T12:52:30.490000Z
664,1.10423,1.10426,1000000.0,1690000.0572,2019-08-30T12:52:30.591000Z
665,1.1042200000000002,1.10424,2319999.9332,1250000.0,2019-08-30T12:52:30.642000Z
666,1.1042200000000002,1.10424,3069999.9332,1000000.0,2019-08-30T12:52:30.743000Z
667,1.1042200000000002,1.10424,3849999.9046,1000000.0,2019-08-30T12:52:30.845000Z
668,1.1042200000000002,1.10426,3470000.0286,19370000.8392,2019-08-30T12:52:30.918000Z
669,1.10423,1.10426,1009999.9905,22120000.8392,2019-08-30T12:52:31.237000Z
670,1.1042200000000002,1.10425,3099999.9046,1250000.0,2019-08-30T12:52:31.338000Z
671,1.1042200000000002,1.10425,3069999.9332,1250000.0,2019-08-30T12:52:31.439000Z
672,1.10423,1.10425,1000000.0,1250000.0,2019-08-30T12:52:31.541000Z
673,1.1042100000000001,1.10424,2660000.0858,1500000.0,2019-08-30T12:52:31.794000Z
674,1.1042,1.10423,1000000.0,3619999.8856,2019-08-30T12:52:31.941000Z
675,1.10419,1.10423,3069999.9332,2119999.8856,2019-08-30T12:52:32.093000Z
676,1.1042,1.10423,1000000.0,4369999.8856,2019-08-30T12:52:32.251000Z
677,1.10419,1.10423,3069999.9332,1370000.0048,2019-08-30T12:52:32.352000Z
678,1.1042,1.10423,1000000.0,3619999.8856,2019-08-30T12:52:33.044000Z
679,1.10419,1.10423,3069999.9332,2119999.8856,2019-08-30T12:52:33.178000Z
680,1.1042,1.10423,1000000.0,4369999.8856,2019-08-30T12:52:33.471000Z
681,1.10419,1.10423,3069999.9332,2119999.8856,2019-08-30T12:52:33.691000Z
682,1.1042,1.10423,1000000.0,4369999.8856,2019-08-30T12:52:33.800000Z
683,1.10419,1.10423,2700000.0477,2250000.0,2019-08-30T12:52:34.300000Z
684,1.1042,1.10423,1000000.0,6000000.0,2019-08-30T12:52:34.508000Z
685,1.1042100000000001,1.10423,1250000.0,1500000.0,2019-08-30T12:52:34.612000Z
686,1.1042200000000002,1.10424,1850000.0238,1000000.0,2019-08-30T12:52:34.713000Z
687,1.1042200000000002,1.10425,2509999.9905,1120000.0048,2019-08-30T12:52:34.815000Z
688,1.1042200000000002,1.10424,1389999.9857,1000000.0,2019-08-30T12:52:35.291000Z
689,1.1042200000000002,1.10424,1850000.0238,2250000.0,2019-08-30T12:52:35.393000Z
690,1.1042,1.1042200000000002,3470000.0286,1000000.0,2019-08-30T12:52:35.495000Z
691,1.1042,1.1042200000000002,3450000.0477,1250000.0,2019-08-30T12:52:35.596000Z
692,1.1042,1.1042200000000002,3450000.0477,1250000.0,2019-08-30T12:52:36.574000Z
693,1.1042,1.1042200000000002,3450000.0477,1000000.0,2019-08-30T12:52:36.767000Z
694,1.1042,1.10423,1200000.0477,2059999.9428,2019-08-30T12:52:36.869000Z
695,1.1042,1.1042200000000002,1000000.0,1500000.0,2019-08-30T12:52:36.970000Z
696,1.1042,1.10423,1100000.0238,2059999.9428,2019-08-30T12:52:37.539000Z
697,1.1042100000000001,1.10424,2569999.9332,3750000.0,2019-08-30T12:52:37.641000Z
698,1.10423,1.10425,1000000.0,7309999.9428,2019-08-30T12:52:37.742000Z
699,1.1042100000000001,1.10424,2569999.9332,1690000.0572,2019-08-30T12:52:37.977000Z
700,1.1042200000000002,1.10423,1250000.0,1000000.0,2019-08-30T12:52:39.090000Z
701,1.1042,1.1042200000000002,2700000.0477,1870000.0048,2019-08-30T12:52:39.141000Z
702,1.10419,1.1042100000000001,2319999.9332,1000000.0,2019-08-30T12:52:44.550000Z
703,1.1042,1.1042200000000002,1000000.0,2059999.9428,2019-08-30T12:52:44.811000Z
704,1.10419,1.1042200000000002,1000000.0,3250000.0,2019-08-30T12:52:45.549000Z
705,1.10418,1.10419,1100000.0238,3000000.0,2019-08-30T12:52:45.601000Z
706,1.10415,1.10418,3619999.8856,2000000.0,2019-08-30T12:52:45.652000Z
707,1.10415,1.10417,1120000.0048,1309999.9428,2019-08-30T12:52:45.753000Z
708,1.1041400000000001,1.10417,1200000.0477,1250000.0,2019-08-30T12:52:45.854000Z
709,1.10415,1.10417,1000000.0,1250000.0,2019-08-30T12:52:46.058000Z
710,1.10416,1.1042,1309999.9428,6119999.8856,2019-08-30T12:52:46.413000Z
711,1.10418,1.1042200000000002,3819999.9332,2000000.0,2019-08-30T12:52:46.514000Z
712,1.10419,1.1042200000000002,1850000.0238,2250000.0,2019-08-30T12:52:46.616000Z
713,1.10419,1.1042100000000001,2970000.0286,1000000.0,2019-08-30T12:52:47.277000Z
714,1.1042100000000001,1.1042200000000002,1100000.0238,1120000.0048,2019-08-30T12:52:47.379000Z
715,1.1042,1.1042200000000002,2059999.9428,1000000.0,2019-08-30T12:52:48.346000Z
716,1.1042,1.1042200000000002,1789999.9619,1000000.0,2019-08-30T12:52:48.447000Z
717,1.1042,1.10424,1789999.9619,7059999.9428,2019-08-30T12:52:48.572000Z
718,1.1042100000000001,1.10423,1220000.0286,1120000.0048,2019-08-30T12:52:48.674000Z
719,1.1042,1.10424,1950000.0477,8060000.4196,2019-08-30T12:52:48.776000Z
720,1.1042100000000001,1.10423,1000000.0,3190000.0572,2019-08-30T12:52:49.433000Z
721,1.1042,1.10424,2140000.1049,4809999.9428,2019-08-30T12:52:49.742000Z
722,1.1042,1.10424,2539999.9619,4809999.9428,2019-08-30T12:52:49.844000Z
723,1.1042,1.10424,2509999.9905,4809999.9428,2019-08-30T12:52:49.945000Z
724,1.1042,1.10424,3410000.0858,4809999.9428,2019-08-30T12:52:50.150000Z
725,1.1042,1.10424,1889999.9857,4809999.9428,2019-08-30T12:52:50.252000Z
726,1.1042,1.10424,1759999.9905,6309999.9428,2019-08-30T12:52:50.353000Z
727,1.1042,1.10424,2160000.0858,6309999.9428,2019-08-30T12:52:50.454000Z
728,1.1042,1.10424,2140000.1049,6309999.9428,2019-08-30T12:52:50.561000Z
729,1.1042,1.10424,3039999.9619,6309999.9428,2019-08-30T12:52:50.674000Z
730,1.1042,1.10424,2140000.1049,6309999.9428,2019-08-30T12:52:50.859000Z
731,1.1042,1.10423,1759999.9905,1370000.0048,2019-08-30T12:52:50.974000Z
732,1.1042,1.10423,2259999.9905,2250000.0,2019-08-30T12:52:51.392000Z
733,1.1042,1.10423,2509999.9905,2119999.8856,2019-08-30T12:52:53.575000Z
734,1.1042100000000001,1.10423,1000000.0,3619999.8856,2019-08-30T12:52:54.271000Z
735,1.1042,1.10423,2509999.9905,2119999.8856,2019-08-30T12:52:54.440000Z
736,1.1042100000000001,1.10423,1100000.0238,3250000.0,2019-08-30T12:52:55.079000Z
737,1.1042,1.10423,2440000.0572,1750000.0,2019-08-30T12:52:55.704000Z
738,1.1042100000000001,1.10423,1000000.0,4000000.0,2019-08-30T12:52:55.855000Z
739,1.1042,1.10423,2509999.9905,1750000.0,2019-08-30T12:52:55.956000Z
740,1.10418,1.1042,4719999.7902,2440000.0572,2019-08-30T12:52:56.231000Z
741,1.10416,1.1042,2950000.0477,1370000.0048,2019-08-30T12:52:56.333000Z
742,1.10417,1.1042,5719999.7902,1250000.0,2019-08-30T12:52:56.435000Z
743,1.10419,1.1042100000000001,1000000.0,2500000.0,2019-08-30T12:52:58.015000Z
744,1.10418,1.1042100000000001,1690000.0572,1250000.0,2019-08-30T12:52:58.116000Z
745,1.10418,1.1042100000000001,2140000.1049,1250000.0,2019-08-30T12:53:01.519000Z
746,1.10418,1.1042200000000002,2539999.9619,3619999.8856,2019-08-30T12:53:01.621000Z
747,1.10418,1.1042200000000002,2890000.1049,3619999.8856,2019-08-30T12:53:01.893000Z
748,1.10418,1.1042200000000002,3759999.9905,3619999.8856,2019-08-30T12:53:01.998000Z
749,1.10418,1.10419,1100000.0238,1500000.0,2019-08-30T12:53:03.047000Z
750,1.10416,1.10419,1970000.0286,1690000.0572,2019-08-30T12:53:03.149000Z
751,1.10415,1.10418,2890000.1049,1000000.0,2019-08-30T12:53:03.203000Z
752,1.10415,1.10417,2509999.9905,1500000.0,2019-08-30T12:53:03.304000Z
753,1.10416,1.10417,1000000.0,1500000.0,2019-08-30T12:53:03.712000Z
754,1.10415,1.10417,2509999.9905,1500000.0,2019-08-30T12:53:03.857000Z
755,1.10415,1.10417,2640000.1049,1000000.0,2019-08-30T12:53:04.237000Z
756,1.10415,1.10417,1870000.0048,1500000.0,2019-08-30T12:53:04.849000Z
757,1.10415,1.10417,3309999.9428,1000000.0,2019-08-30T12:53:07.917000Z
758,1.10416,1.10418,1500000.0,2440000.0572,2019-08-30T12:53:08.018000Z
759,1.10416,1.10419,1870000.0048,3190000.0572,2019-08-30T12:53:08.322000Z
760,1.10415,1.10419,2000000.0,4369999.8856,2019-08-30T12:53:08.425000Z
761,1.10416,1.10419,1500000.0,2440000.0572,2019-08-30T12:53:09.228000Z
762,1.10415,1.10419,2000000.0,6000000.0,2019-08-30T12:53:09.573000Z
763,1.10416,1.10419,1200000.0477,3190000.0572,2019-08-30T12:53:10.642000Z
764,1.10416,1.10419,1120000.0048,3000000.0,2019-08-30T12:53:10.743000Z
765,1.10416,1.10419,1120000.0048,3940000.0572,2019-08-30T12:53:11.163000Z
766,1.10417,1.10419,1000000.0,1690000.0572,2019-08-30T12:53:12.063000Z
767,1.10417,1.10418,1000000.0,1000000.0,2019-08-30T12:53:12.570000Z
768,1.10417,1.10419,1000000.0,1690000.0572,2019-08-30T12:53:12.692000Z
769,1.10417,1.10418,1000000.0,1000000.0,2019-08-30T12:53:12.794000Z
770,1.10415,1.10419,3569999.9332,1750000.0,2019-08-30T12:53:12.937000Z
771,1.10417,1.10419,1000000.0,2500000.0,2019-08-30T12:53:13.574000Z
772,1.10416,1.10419,1309999.9428,1750000.0,2019-08-30T12:53:14.365000Z
773,1.1042,1.1042100000000001,1000000.0,2890000.1049,2019-08-30T12:53:14.467000Z
774,1.1042,1.1042200000000002,1000000.0,1120000.0048,2019-08-30T12:53:14.569000Z
775,1.1042100000000001,1.1042200000000002,1000000.0,1120000.0048,2019-08-30T12:53:14.670000Z
776,1.1042100000000001,1.10423,1000000.0,1250000.0,2019-08-30T12:53:14.772000Z
777,1.1042,1.1042200000000002,2440000.0572,1000000.0,2019-08-30T12:53:14.965000Z
778,1.1042,1.1042200000000002,2500000.0,1000000.0,2019-08-30T12:53:15.066000Z
779,1.1042,1.1042200000000002,1120000.0048,1000000.0,2019-08-30T12:53:15.860000Z
780,1.10419,1.1042200000000002,3000000.0,1250000.0,2019-08-30T12:53:16.887000Z
781,1.1042,1.1042200000000002,1000000.0,1690000.0572,2019-08-30T12:53:17.090000Z
782,1.10419,1.1042200000000002,3750000.0,1690000.0572,2019-08-30T12:53:17.260000Z
783,1.10419,1.1042200000000002,1000000.0,1820000.0525,2019-08-30T12:53:18.046000Z
784,1.10417,1.10419,3069999.9332,1000000.0,2019-08-30T12:53:18.097000Z
785,1.10416,1.10418,1500000.0,1500000.0,2019-08-30T12:53:18.199000Z
786,1.10415,1.10419,1000000.0,6070000.1717,2019-08-30T12:53:18.301000Z
787,1.1041400000000001,1.10418,2890000.1049,4159999.8474,2019-08-30T12:53:19.092000Z
788,1.10413,1.10418,1690000.0572,6349999.9046,2019-08-30T12:53:19.662000Z
789,1.10413,1.10417,2140000.1049,3410000.0858,2019-08-30T12:53:20.268000Z
790,1.10413,1.10415,1250000.0,1100000.0238,2019-08-30T12:53:20.370000Z
791,1.1041400000000001,1.10415,1120000.0048,1000000.0,2019-08-30T12:53:22.231000Z
792,1.10413,1.10415,1759999.9905,1000000.0,2019-08-30T12:53:23.844000Z
793,1.1041200000000002,1.10416,1250000.0,4010000.2289,2019-08-30T12:53:23.997000Z
794,1.1041200000000002,1.10415,1120000.0048,3619999.8856,2019-08-30T12:53:24.099000Z
795,1.10409,1.10413,1009999.9905,2059999.9428,2019-08-30T12:53:24.200000Z
796,1.10409,1.10413,1000000.0,2950000.0477,2019-08-30T12:53:24.301000Z
797,1.1041,1.10413,1000000.0,7010000.2289,2019-08-30T12:53:24.403000Z
798,1.1041200000000002,1.10415,1500000.0,2059999.9428,2019-08-30T12:53:24.504000Z
799,1.1041200000000002,1.10415,2059999.9428,1000000.0,2019-08-30T12:53:24.605000Z
800,1.1041200000000002,1.10415,2500000.0,1250000.0,2019-08-30T12:53:24.741000Z
801,1.1041400000000001,1.10415,1000000.0,1250000.0,2019-08-30T12:53:25.051000Z
802,1.1041400000000001,1.10417,1570000.0525,4760000.2289,2019-08-30T12:53:27.273000Z
803,1.1041400000000001,1.10416,1570000.0525,1000000.0,2019-08-30T12:53:27.409000Z
804,1.1041400000000001,1.10417,1570000.0525,4760000.2289,2019-08-30T12:53:27.520000Z
805,1.1041400000000001,1.10416,1950000.0477,1000000.0,2019-08-30T12:53:27.773000Z
806,1.1041400000000001,1.10417,1200000.0477,3640000.1049,2019-08-30T12:53:27.920000Z
807,1.1041400000000001,1.10417,1970000.0286,2059999.9428,2019-08-30T12:53:28.386000Z
808,1.1041400000000001,1.10417,2509999.9905,1100000.0238,2019-08-30T12:53:28.491000Z
809,1.1041400000000001,1.10418,5159999.8474,3819999.9332,2019-08-30T12:53:28.593000Z
810,1.1041400000000001,1.10418,1309999.9428,1950000.0477,2019-08-30T12:53:28.694000Z
811,1.10416,1.10418,1500000.0,2700000.0477,2019-08-30T12:53:29.014000Z
812,1.10415,1.10418,2440000.0572,2500000.0,2019-08-30T12:53:29.115000Z
813,1.1041400000000001,1.10417,1250000.0,1250000.0,2019-08-30T12:53:29.658000Z
814,1.10413,1.10417,1120000.0048,4449999.8093,2019-08-30T12:53:31.644000Z
815,1.1041400000000001,1.10416,1100000.0238,1000000.0,2019-08-30T12:53:31.848000Z
816,1.1041400000000001,1.10416,1000000.0,3619999.8856,2019-08-30T12:53:43.605000Z
817,1.1041100000000001,1.1041400000000001,2059999.9428,2369999.8856,2019-08-30T12:53:43.749000Z
818,1.1041,1.10413,3069999.9332,1250000.0,2019-08-30T12:53:43.850000Z
819,1.1041100000000001,1.1041400000000001,2809999.9428,1000000.0,2019-08-30T12:53:44.971000Z
820,1.1041100000000001,1.1041400000000001,1250000.0,1500000.0,2019-08-30T12:53:45.072000Z
821,1.1041,1.1041400000000001,1120000.0048,6449999.8093,2019-08-30T12:53:45.426000Z
822,1.10409,1.1041200000000002,1000000.0,3640000.1049,2019-08-30T12:53:45.575000Z
823,1.1041,1.1041200000000002,1500000.0,1389999.9857,2019-08-30T12:53:47.452000Z
824,1.1041,1.10413,1120000.0048,5510000.2289,2019-08-30T12:53:47.705000Z
825,1.1041,1.1041200000000002,1120000.0048,1500000.0,2019-08-30T12:53:48.071000Z
826,1.1041,1.10413,1120000.0048,5510000.2289,2019-08-30T12:53:48.172000Z
827,1.10409,1.10413,1250000.0,5539999.9619,2019-08-30T12:53:48.839000Z
828,1.10408,1.1041200000000002,1690000.0572,1200000.0477,2019-08-30T12:53:49.742000Z
829,1.10408,1.1041200000000002,1750000.0,1950000.0477,2019-08-30T12:53:51.849000Z
830,1.10408,1.1041200000000002,1250000.0,1950000.0477,2019-08-30T12:53:53.231000Z
831,1.10409,1.1041200000000002,4500000.0,2000000.0,2019-08-30T12:53:55.781000Z
832,1.1041,1.1041200000000002,1690000.0572,1000000.0,2019-08-30T12:53:55.907000Z
833,1.1041,1.10413,1759999.9905,1000000.0,2019-08-30T12:53:56.008000Z
834,1.1041,1.1041400000000001,2140000.1049,4690000.0572,2019-08-30T12:53:57.354000Z
835,1.1041200000000002,1.1041400000000001,1120000.0048,2319999.9332,2019-08-30T12:53:57.558000Z
836,1.1041200000000002,1.10415,1250000.0,1690000.0572,2019-08-30T12:53:57.711000Z
837,1.10413,1.10415,1000000.0,2140000.1049,2019-08-30T12:53:58.851000Z
838,1.1041400000000001,1.10415,1690000.0572,1500000.0,2019-08-30T12:53:59.004000Z
839,1.10413,1.10417,4139999.8665,5059999.9428,2019-08-30T12:53:59.106000Z
840,1.10413,1.10417,3200000.0477,2119999.8856,2019-08-30T12:53:59.286000Z
841,1.1041400000000001,1.10417,1720000.0286,2500000.0,2019-08-30T12:53:59.937000Z
842,1.1041400000000001,1.10417,1220000.0286,2440000.0572,2019-08-30T12:54:00.140000Z
843,1.10415,1.10417,1600000.0238,2440000.0572,2019-08-30T12:54:00.493000Z
844,1.1041400000000001,1.10417,1220000.0286,2440000.0572,2019-08-30T12:54:00.594000Z
845,1.10413,1.10417,6599999.9046,1250000.0,2019-08-30T12:54:01.048000Z
846,1.1041400000000001,1.10417,1970000.0286,1250000.0,2019-08-30T12:54:01.150000Z
847,1.10415,1.10417,1500000.0,1000000.0,2019-08-30T12:54:01.252000Z
848,1.10415,1.10417,1970000.0286,1000000.0,2019-08-30T12:54:01.354000Z
849,1.10415,1.10417,1200000.0477,1000000.0,2019-08-30T12:54:01.640000Z
850,1.10415,1.10417,1970000.0286,1000000.0,2019-08-30T12:54:01.741000Z
851,1.10415,1.10418,1970000.0286,1690000.0572,2019-08-30T12:54:01.920000Z
852,1.10415,1.10418,1200000.0477,1690000.0572,2019-08-30T12:54:02.551000Z
853,1.10415,1.10418,1970000.0286,2059999.9428,2019-08-30T12:54:03.385000Z
854,1.10416,1.10418,1220000.0286,1500000.0,2019-08-30T12:54:03.728000Z
855,1.1041400000000001,1.10418,4599999.9046,1500000.0,2019-08-30T12:54:03.829000Z
856,1.10416,1.10419,1250000.0,1309999.9428,2019-08-30T12:54:04.308000Z
857,1.10417,1.10419,1100000.0238,1750000.0,2019-08-30T12:54:04.460000Z
858,1.10415,1.10418,8289999.9619,1000000.0,2019-08-30T12:54:04.511000Z
859,1.10415,1.10419,2539999.9619,2809999.9428,2019-08-30T12:54:04.612000Z
860,1.10415,1.10419,1570000.0525,5119999.8856,2019-08-30T12:54:04.714000Z
861,1.10415,1.10418,1100000.0238,3250000.0,2019-08-30T12:54:04.815000Z
862,1.10415,1.10418,2099999.9046,2500000.0,2019-08-30T12:54:05.209000Z
863,1.1041400000000001,1.10418,1950000.0477,2869999.8856,2019-08-30T12:54:05.361000Z
864,1.1041400000000001,1.10418,2910000.0858,1309999.9428,2019-08-30T12:54:06.191000Z
865,1.10417,1.10419,1000000.0,4809999.9428,2019-08-30T12:54:06.329000Z
866,1.10416,1.10419,1220000.0286,1690000.0572,2019-08-30T12:54:06.430000Z
867,1.10416,1.10418,1600000.0238,1690000.0572,2019-08-30T12:54:06.531000Z
868,1.10416,1.1042,3220000.0286,4000000.0,2019-08-30T12:54:06.683000Z
869,1.10415,1.10419,1970000.0286,4000000.0,2019-08-30T12:54:06.885000Z
870,1.10415,1.10418,2099999.9046,2119999.8856,2019-08-30T12:54:06.987000Z
871,1.10415,1.10418,1100000.0238,2119999.8856,2019-08-30T12:54:07.362000Z
872,1.10415,1.10418,1970000.0286,1370000.0048,2019-08-30T12:54:07.671000Z
873,1.10415,1.10418,1200000.0477,4369999.8856,2019-08-30T12:54:08.041000Z
874,1.10415,1.10418,1970000.0286,1370000.0048,2019-08-30T12:54:08.607000Z
875,1.10417,1.1042,1309999.9428,2869999.8856,2019-08-30T12:54:08.715000Z
876,1.10418,1.1042,1000000.0,2119999.8856,2019-08-30T12:54:08.816000Z
877,1.10418,1.1042100000000001,1570000.0525,1870000.0048,2019-08-30T12:54:08.918000Z
878,1.10418,1.1042100000000001,4349999.9046,1250000.0,2019-08-30T12:54:09.019000Z
879,1.10419,1.1042100000000001,1600000.0238,1250000.0,2019-08-30T12:54:10.786000Z
880,1.10418,1.1042100000000001,2720000.0286,1250000.0,2019-08-30T12:54:10.888000Z
881,1.10419,1.1042100000000001,1220000.0286,1250000.0,2019-08-30T12:54:11.706000Z
882,1.10418,1.1042200000000002,3789999.9619,2059999.9428,2019-08-30T12:54:11.808000Z
883,1.10418,1.10423,2849999.9046,8250000.0,2019-08-30T12:54:11.930000Z
884,1.10418,1.1042200000000002,2619999.8856,3450000.0477,2019-08-30T12:54:12.413000Z
885,1.10418,1.1042200000000002,2470000.0286,1350000.0238,2019-08-30T12:54:19.324000Z
886,1.10418,1.1042200000000002,1200000.0477,1250000.0,2019-08-30T12:54:19.425000Z
887,1.10418,1.1042100000000001,1200000.0477,1250000.0,2019-08-30T12:54:23.922000Z
888,1.10418,1.1042200000000002,3450000.0477,2869999.8856,2019-08-30T12:54:24.949000Z
889,1.10418,1.10423,2470000.0286,8720000.267,2019-08-30T12:54:27.283000Z
890,1.10418,1.10423,1200000.0477,8319999.6948,2019-08-30T12:54:27.468000Z
891,1.10418,1.10423,2660000.0858,7219999.7902,2019-08-30T12:54:28.197000Z
892,1.10418,1.1042200000000002,2349999.9046,1350000.0238,2019-08-30T12:54:28.299000Z
893,1.10418,1.1042200000000002,1200000.0477,1370000.0048,2019-08-30T12:54:30.028000Z
894,1.10418,1.1042100000000001,1220000.0286,1250000.0,2019-08-30T12:54:30.911000Z
895,1.10419,1.10423,1049999.9523,2200000.0477,2019-08-30T12:54:31.362000Z
896,1.10419,1.10423,2720000.0286,4820000.1717,2019-08-30T12:54:31.816000Z
897,1.10418,1.1042200000000002,4010000.2289,1250000.0,2019-08-30T12:54:31.867000Z
898,1.1042,1.10423,1250000.0,3869999.8856,2019-08-30T12:54:32.474000Z
899,1.1042,1.10423,1250000.0,1500000.0,2019-08-30T12:54:32.575000Z
900,1.10419,1.10423,1759999.9905,2500000.0,2019-08-30T12:54:32.726000Z
901,1.10418,1.10423,3069999.9332,5699999.8093,2019-08-30T12:54:34.601000Z
902,1.10419,1.1042200000000002,1000000.0,1370000.0048,2019-08-30T12:54:34.907000Z
903,1.10418,1.1042200000000002,1570000.0525,2869999.8856,2019-08-30T12:54:36.592000Z
904,1.10419,1.1042200000000002,1000000.0,3619999.8856,2019-08-30T12:54:38.281000Z
905,1.10418,1.1042200000000002,1570000.0525,2119999.8856,2019-08-30T12:54:38.720000Z
906,1.10419,1.1042200000000002,1000000.0,3619999.8856,2019-08-30T12:54:38.825000Z
907,1.10418,1.1042200000000002,1570000.0525,2119999.8856,2019-08-30T12:54:39.001000Z
908,1.10419,1.1042200000000002,1000000.0,3619999.8856,2019-08-30T12:54:39.322000Z
909,1.10418,1.1042200000000002,1570000.0525,2119999.8856,2019-08-30T12:54:39.537000Z
910,1.10418,1.1042200000000002,1970000.0286,2569999.9332,2019-08-30T12:54:41.425000Z
911,1.10418,1.1042200000000002,1120000.0048,4570000.1717,2019-08-30T12:54:42.983000Z
912,1.10417,1.1042200000000002,2890000.1049,5320000.1717,2019-08-30T12:54:43.532000Z
913,1.10418,1.1042200000000002,1220000.0286,6070000.1717,2019-08-30T12:54:47.657000Z
914,1.10417,1.1042200000000002,2140000.1049,5320000.1717,2019-08-30T12:54:47.758000Z
915,1.10417,1.1042100000000001,2910000.0858,1309999.9428,2019-08-30T12:54:48.155000Z
916,1.10417,1.1042100000000001,2140000.1049,1309999.9428,2019-08-30T12:54:48.271000Z
917,1.10416,1.10417,3559999.9428,1500000.0,2019-08-30T12:54:48.586000Z
918,1.10416,1.10418,1250000.0,1690000.0572,2019-08-30T12:54:48.688000Z
919,1.10416,1.10419,1009999.9905,3750000.0,2019-08-30T12:54:48.837000Z
920,1.10416,1.10419,1250000.0,1000000.0,2019-08-30T12:54:48.939000Z
921,1.10416,1.1042,1100000.0238,2119999.8856,2019-08-30T12:54:49.040000Z
922,1.10416,1.1042,1820000.0525,1309999.9428,2019-08-30T12:54:49.142000Z
923,1.10416,1.1042,1759999.9905,1309999.9428,2019-08-30T12:54:49.956000Z
924,1.10415,1.1042,6449999.8093,4889999.8665,2019-08-30T12:54:50.057000Z
925,1.10415,1.10419,1690000.0572,3259999.9905,2019-08-30T12:54:50.159000Z
926,1.10415,1.10418,2509999.9905,1500000.0,2019-08-30T12:54:50.310000Z
927,1.10415,1.10419,1759999.9905,2059999.9428,2019-08-30T12:54:50.462000Z
928,1.10416,1.10419,1000000.0,2890000.1049,2019-08-30T12:54:50.844000Z
929,1.10416,1.10418,1000000.0,1500000.0,2019-08-30T12:54:51.494000Z
930,1.10416,1.10419,1000000.0,2890000.1049,2019-08-30T12:54:51.596000Z
931,1.10415,1.10419,1690000.0572,2140000.1049,2019-08-30T12:54:51.785000Z
932,1.10415,1.10418,2440000.0572,1500000.0,2019-08-30T12:54:51.937000Z
933,1.10415,1.10419,1690000.0572,2140000.1049,2019-08-30T12:54:52.038000Z
934,1.10416,1.1042,1120000.0048,3319999.9332,2019-08-30T12:54:52.291000Z
935,1.10416,1.1042,5659999.8474,3640000.1049,2019-08-30T12:54:52.392000Z
936,1.10416,1.1042100000000001,2890000.1049,7570000.1717,2019-08-30T12:54:52.544000Z
937,1.10416,1.1042100000000001,2700000.0477,7570000.1717,2019-08-30T12:54:52.661000Z
938,1.10416,1.10418,1100000.0238,1250000.0,2019-08-30T12:54:52.712000Z
939,1.1041400000000001,1.10418,4219999.7902,3319999.9332,2019-08-30T12:54:52.818000Z
940,1.10415,1.10418,1000000.0,1389999.9857,2019-08-30T12:54:52.919000Z
941,1.10415,1.10417,1000000.0,1000000.0,2019-08-30T12:54:53.020000Z
942,1.10415,1.10418,1000000.0,1309999.9428,2019-08-30T12:54:53.126000Z
943,1.1041400000000001,1.10418,2509999.9905,1309999.9428,2019-08-30T12:54:53.259000Z
944,1.1041400000000001,1.10418,3390000.1049,1309999.9428,2019-08-30T12:54:53.768000Z
945,1.1041400000000001,1.10417,1570000.0525,1309999.9428,2019-08-30T12:54:57.672000Z
946,1.1041400000000001,1.10418,5449999.8093,5119999.8856,2019-08-30T12:54:58.173000Z
947,1.1041400000000001,1.10418,2440000.0572,4389999.8665,2019-08-30T12:54:58.274000Z
948,1.1041400000000001,1.10417,2910000.0858,1250000.0,2019-08-30T12:54:58.376000Z
949,1.1041400000000001,1.10417,1690000.0572,1250000.0,2019-08-30T12:54:58.682000Z
950,1.1041400000000001,1.10417,2119999.8856,1690000.0572,2019-08-30T12:54:59.451000Z
951,1.1041400000000001,1.10417,1870000.0048,1690000.0572,2019-08-30T12:54:59.552000Z
952,1.1041400000000001,1.10417,2349999.9046,1309999.9428,2019-08-30T12:54:59.653000Z
953,1.1041400000000001,1.10417,1120000.0048,1309999.9428,2019-08-30T12:54:59.758000Z
954,1.10413,1.10417,4949999.8093,5500000.0,2019-08-30T12:55:00.202000Z
955,1.10413,1.10415,1000000.0,1250000.0,2019-08-30T12:55:00.310000Z
956,1.1041200000000002,1.10415,1120000.0048,1250000.0,2019-08-30T12:55:00.411000Z
957,1.1041200000000002,1.10416,3099999.9046,3319999.9332,2019-08-30T12:55:02.553000Z
958,1.1041200000000002,1.10416,1000000.0,2950000.0477,2019-08-30T12:55:02.891000Z
959,1.1041100000000001,1.10415,6639999.8665,1250000.0,2019-08-30T12:55:05.322000Z
960,1.1041200000000002,1.10415,1500000.0,1309999.9428,2019-08-30T12:55:05.656000Z
961,1.1041100000000001,1.10415,7010000.2289,1309999.9428,2019-08-30T12:55:05.807000Z
962,1.1041100000000001,1.10415,6760000.2289,1250000.0,2019-08-30T12:55:06.411000Z
963,1.10413,1.10415,1000000.0,1250000.0,2019-08-30T12:55:07.025000Z
964,1.1041200000000002,1.10415,1120000.0048,1250000.0,2019-08-30T12:55:07.127000Z
965,1.10413,1.10415,1120000.0048,1250000.0,2019-08-30T12:55:10.780000Z
966,1.1041200000000002,1.10415,2319999.9332,1250000.0,2019-08-30T12:55:10.932000Z
967,1.1041200000000002,1.10415,3099999.9046,1250000.0,2019-08-30T12:55:11.034000Z
968,1.1041200000000002,1.10415,1120000.0048,1250000.0,2019-08-30T12:55:11.363000Z
969,1.1041100000000001,1.10416,5139999.8665,3450000.0477,2019-08-30T12:55:12.069000Z
970,1.1041200000000002,1.10416,1000000.0,5699999.8093,2019-08-30T12:55:12.271000Z
971,1.1041100000000001,1.10416,5139999.8665,3450000.0477,2019-08-30T12:55:12.442000Z
972,1.1041200000000002,1.10416,1500000.0,7199999.8093,2019-08-30T12:55:12.589000Z
973,1.1041200000000002,1.10415,1200000.0477,1509999.9905,2019-08-30T12:55:13.143000Z
974,1.1041100000000001,1.10415,7010000.2289,1309999.9428,2019-08-30T12:55:15.358000Z
975,1.1041100000000001,1.10416,6289999.9619,4119999.8856,2019-08-30T12:55:18.502000Z
976,1.1041100000000001,1.10416,6260000.2289,4949999.8093,2019-08-30T12:55:18.604000Z
977,1.1041400000000001,1.10415,1000000.0,1250000.0,2019-08-30T12:55:18.725000Z
978,1.1041200000000002,1.10415,2700000.0477,1250000.0,2019-08-30T12:55:18.827000Z
979,1.10413,1.10416,1500000.0,3619999.8856,2019-08-30T12:55:20.328000Z
980,1.1041400000000001,1.10417,3000000.0,1700000.0477,2019-08-30T12:55:20.379000Z
981,1.10415,1.10418,1000000.0,4949999.8093,2019-08-30T12:55:20.480000Z
982,1.1041400000000001,1.10418,1500000.0,6070000.1717,2019-08-30T12:55:20.581000Z
983,1.1041400000000001,1.10416,1500000.0,1000000.0,2019-08-30T12:55:22.647000Z
984,1.10413,1.10416,1000000.0,1690000.0572,2019-08-30T12:55:24.610000Z
985,1.1041200000000002,1.10416,3259999.9905,1690000.0572,2019-08-30T12:55:24.712000Z
986,1.10413,1.10416,1000000.0,3190000.0572,2019-08-30T12:55:25.042000Z
987,1.1041200000000002,1.10416,4389999.8665,1690000.0572,2019-08-30T12:55:25.161000Z
988,1.10413,1.10416,1000000.0,3190000.0572,2019-08-30T12:55:25.313000Z
989,1.1041200000000002,1.10416,4389999.8665,1690000.0572,2019-08-30T12:55:25.441000Z
990,1.10413,1.10416,1000000.0,1690000.0572,2019-08-30T12:55:25.594000Z
991,1.10413,1.10416,1000000.0,5619999.8856,2019-08-30T12:55:28.631000Z
992,1.1041200000000002,1.10416,1500000.0,4949999.8093,2019-08-30T12:55:28.732000Z
993,1.1041200000000002,1.10416,2509999.9905,2809999.9428,2019-08-30T12:55:29.585000Z
994,1.1041200000000002,1.10416,1570000.0525,4000000.0,2019-08-30T12:55:30.040000Z
995,1.1041200000000002,1.10416,1970000.0286,4070000.1717,2019-08-30T12:55:32.263000Z
996,1.1041200000000002,1.10416,1200000.0477,4099999.9046,2019-08-30T12:55:32.364000Z
997,1.10413,1.10416,1250000.0,3369999.8856,2019-08-30T12:55:32.533000Z
998,1.10413,1.10415,1000000.0,1370000.0048,2019-08-30T12:55:32.634000Z
999,1.10413,1.10416,1000000.0,2940000.0572,2019-08-30T12:55:32.735000Z
1000,1.1041400000000001,1.10416,1000000.0,3690000.0572,2019-08-30T12:55:32.836000Z
1001,1.1041400000000001,1.10416,1000000.0,2059999.9428,2019-08-30T12:55:33.532000Z
1002,1.1041400000000001,1.10416,1000000.0,2869999.8856,2019-08-30T12:55:33.833000Z
1003,1.1041400000000001,1.10416,1000000.0,2140000.1049,2019-08-30T12:55:33.934000Z
1004,1.10413,1.10416,1500000.0,2809999.9428,2019-08-30T12:55:36.800000Z
1005,1.10413,1.10416,2619999.8856,3690000.0572,2019-08-30T12:55:38.841000Z
1006,1.1041200000000002,1.10415,3259999.9905,1000000.0,2019-08-30T12:55:42.547000Z
1007,1.1041200000000002,1.10415,4039999.9619,1000000.0,2019-08-30T12:55:42.649000Z
1008,1.10413,1.10416,1570000.0525,1690000.0572,2019-08-30T12:55:42.755000Z
1009,1.10413,1.10416,1000000.0,3250000.0,2019-08-30T12:55:43.183000Z
1010,1.1041200000000002,1.10415,2619999.8856,1309999.9428,2019-08-30T12:55:43.284000Z
1011,1.1041200000000002,1.10415,1870000.0048,1250000.0,2019-08-30T12:55:45.469000Z
1012,1.10413,1.1041400000000001,1100000.0238,1120000.0048,2019-08-30T12:55:46.129000Z
1013,1.1041400000000001,1.10416,1000000.0,2809999.9428,2019-08-30T12:55:46.661000Z
1014,1.10415,1.10417,1000000.0,3819999.9332,2019-08-30T12:55:46.764000Z
1015,1.10415,1.10417,1500000.0,1250000.0,2019-08-30T12:55:46.865000Z
1016,1.1041400000000001,1.10418,1500000.0,7469999.7902,2019-08-30T12:55:48.653000Z
1017,1.1041400000000001,1.10418,1000000.0,4949999.8093,2019-08-30T12:55:49.165000Z
1018,1.10415,1.10418,1000000.0,1850000.0238,2019-08-30T12:55:50.421000Z
1019,1.10417,1.10418,1000000.0,1250000.0,2019-08-30T12:55:50.522000Z
1020,1.10416,1.10419,1500000.0,2440000.0572,2019-08-30T12:55:50.573000Z
1021,1.10417,1.1042,1000000.0,3759999.9905,2019-08-30T12:55:50.708000Z
1022,1.10415,1.10419,2509999.9905,4750000.0,2019-08-30T12:55:50.758000Z
1023,1.10416,1.10418,1250000.0,1100000.0238,2019-08-30T12:55:51.012000Z
1024,1.10417,1.10419,1000000.0,1120000.0048,2019-08-30T12:55:51.113000Z
1025,1.10417,1.10418,1000000.0,1000000.0,2019-08-30T12:55:51.265000Z
1026,1.10418,1.1042,1000000.0,4510000.2289,2019-08-30T12:55:51.366000Z
1027,1.10418,1.1042,1000000.0,4010000.2289,2019-08-30T12:55:52.229000Z
1028,1.10418,1.10419,1000000.0,1500000.0,2019-08-30T12:55:52.840000Z
1029,1.10417,1.10419,1000000.0,1500000.0,2019-08-30T12:55:52.941000Z
1030,1.10417,1.1042,1000000.0,4010000.2289,2019-08-30T12:55:53.043000Z
1031,1.10417,1.10419,1000000.0,1500000.0,2019-08-30T12:55:55.119000Z
1032,1.10417,1.1042,1000000.0,2890000.1049,2019-08-30T12:55:55.221000Z
1033,1.10418,1.1042,1000000.0,2140000.1049,2019-08-30T12:55:55.918000Z
1034,1.10418,1.10419,1000000.0,1500000.0,2019-08-30T12:55:56.912000Z
1035,1.10418,1.1042,1000000.0,2140000.1049,2019-08-30T12:55:57.109000Z
1036,1.10418,1.10419,1000000.0,1500000.0,2019-08-30T12:55:57.771000Z
1037,1.10418,1.1042,1000000.0,2140000.1049,2019-08-30T12:55:57.872000Z
1038,1.10418,1.10419,1000000.0,1500000.0,2019-08-30T12:55:58.160000Z
1039,1.10418,1.1042,1000000.0,2140000.1049,2019-08-30T12:55:58.272000Z
1040,1.10418,1.10419,1250000.0,1000000.0,2019-08-30T12:55:59.078000Z
1041,1.10418,1.1042,1250000.0,1759999.9905,2019-08-30T12:55:59.678000Z
1042,1.10417,1.10419,1250000.0,1000000.0,2019-08-30T12:56:00.335000Z
1043,1.10417,1.1042,1250000.0,1250000.0,2019-08-30T12:56:00.767000Z
1044,1.10417,1.10419,1250000.0,1000000.0,2019-08-30T12:56:00.995000Z
1045,1.10417,1.1042,1250000.0,1250000.0,2019-08-30T12:56:01.096000Z
1046,1.10418,1.1042,1250000.0,2160000.0858,2019-08-30T12:56:02.561000Z
1047,1.10418,1.1042,1250000.0,1690000.0572,2019-08-30T12:56:02.712000Z
1048,1.10418,1.10419,1250000.0,1000000.0,2019-08-30T12:56:02.957000Z
1049,1.10418,1.1042,1500000.0,1100000.0238,2019-08-30T12:56:03.058000Z
1050,1.10418,1.1042100000000001,1500000.0,3940000.0572,2019-08-30T12:56:03.160000Z
1051,1.10418,1.1042,1500000.0,1000000.0,2019-08-30T12:56:03.261000Z
1052,1.1042,1.10423,1000000.0,3759999.9905,2019-08-30T12:56:03.362000Z
1053,1.1042,1.1042200000000002,1250000.0,1500000.0,2019-08-30T12:56:03.530000Z
1054,1.1042,1.1042200000000002,1309999.9428,1120000.0048,2019-08-30T12:56:04.123000Z
1055,1.1042100000000001,1.10423,1000000.0,1000000.0,2019-08-30T12:56:04.225000Z
1056,1.1042,1.10424,1250000.0,4199999.8093,2019-08-30T12:56:04.327000Z
1057,1.10419,1.1042200000000002,1759999.9905,1500000.0,2019-08-30T12:56:04.517000Z
1058,1.10419,1.1042200000000002,1690000.0572,1120000.0048,2019-08-30T12:56:06.588000Z
1059,1.1042100000000001,1.10423,1000000.0,2069999.9332,2019-08-30T12:56:06.689000Z
1060,1.1042200000000002,1.10424,1000000.0,1620000.0048,2019-08-30T12:56:07.722000Z
1061,1.1042100000000001,1.10423,1500000.0,2500000.0,2019-08-30T12:56:07.824000Z
1062,1.1042100000000001,1.10423,1000000.0,1750000.0,2019-08-30T12:56:07.925000Z
1063,1.10419,1.1042200000000002,2750000.0,1309999.9428,2019-08-30T12:56:08.331000Z
1064,1.10419,1.1042200000000002,1870000.0048,1309999.9428,2019-08-30T12:56:10.420000Z
1065,1.10419,1.10423,2869999.8856,2319999.9332,2019-08-30T12:56:10.572000Z
1066,1.10419,1.10423,3450000.0477,2119999.8856,2019-08-30T12:56:10.724000Z
1067,1.1042200000000002,1.10423,1500000.0,2619999.8856,2019-08-30T12:56:10.863000Z
1068,1.1042,1.10424,3289999.9619,1009999.9905,2019-08-30T12:56:10.965000Z
1069,1.1042,1.10425,2059999.9428,8350000.3815,2019-08-30T12:56:11.067000Z
1070,1.1042,1.1042200000000002,1000000.0,1000000.0,2019-08-30T12:56:11.168000Z
1071,1.1042,1.10423,1000000.0,2890000.1049,2019-08-30T12:56:11.574000Z
1072,1.1042200000000002,1.10424,2500000.0,1389999.9857,2019-08-30T12:56:12.112000Z
1073,1.1042200000000002,1.10424,1000000.0,1250000.0,2019-08-30T12:56:12.213000Z
1074,1.10423,1.10425,1000000.0,1100000.0238,2019-08-30T12:56:12.365000Z
1075,1.10423,1.10426,1500000.0,5059999.9428,2019-08-30T12:56:12.617000Z
1076,1.1042200000000002,1.10424,1950000.0477,1120000.0048,2019-08-30T12:56:12.962000Z
1077,1.1042100000000001,1.10424,1000000.0,3069999.9332,2019-08-30T12:56:13.063000Z
1078,1.1042100000000001,1.10423,1000000.0,2809999.9428,2019-08-30T12:56:13.215000Z
1079,1.1042200000000002,1.10424,1500000.0,1620000.0048,2019-08-30T12:56:13.542000Z
1080,1.1042200000000002,1.10425,2440000.0572,3250000.0,2019-08-30T12:56:13.644000Z
1081,1.1042,1.10424,2660000.0858,5809999.9428,2019-08-30T12:56:17.394000Z
1082,1.10419,1.10423,3000000.0,2450000.0477,2019-08-30T12:56:17.495000Z
1083,1.10419,1.10423,1759999.9905,2559999.9428,2019-08-30T12:56:25.062000Z
1084,1.10413,1.1041400000000001,1250000.0,1500000.0,2019-08-30T12:56:25.234000Z
1085,1.1041100000000001,1.10413,1250000.0,1120000.0048,2019-08-30T12:56:25.336000Z
1086,1.10409,1.1041200000000002,3450000.0477,1000000.0,2019-08-30T12:56:25.437000Z
1087,1.10409,1.1041200000000002,2059999.9428,1620000.0048,2019-08-30T12:56:26.559000Z
1088,1.10409,1.1041200000000002,3619999.8856,1620000.0048,2019-08-30T12:56:26.692000Z
1089,1.1041200000000002,1.10413,1000000.0,1000000.0,2019-08-30T12:56:26.793000Z
1090,1.1041100000000001,1.1041400000000001,1250000.0,1950000.0477,2019-08-30T12:56:26.894000Z
1091,1.1041100000000001,1.10413,1250000.0,1500000.0,2019-08-30T12:56:26.996000Z
1092,1.1041100000000001,1.1041400000000001,1250000.0,3450000.0477,2019-08-30T12:56:27.130000Z
1093,1.1041,1.10413,1750000.0,1500000.0,2019-08-30T12:56:27.642000Z
1094,1.1041,1.1041400000000001,1750000.0,1950000.0477,2019-08-30T12:56:27.792000Z
1095,1.1041,1.10413,8500000.0,1500000.0,2019-08-30T12:56:28.312000Z
1096,1.1041,1.1041400000000001,6250000.0,3069999.9332,2019-08-30T12:56:28.430000Z
1097,1.1041100000000001,1.1041400000000001,1000000.0,2950000.0477,2019-08-30T12:56:29.186000Z
1098,1.10409,1.10413,1389999.9857,1750000.0,2019-08-30T12:56:29.288000Z
1099,1.10409,1.10413,2200000.0477,2000000.0,2019-08-30T12:56:29.440000Z
1100,1.10409,1.10413,1309999.9428,1009999.9905,2019-08-30T12:56:29.591000Z
1101,1.1041,1.10413,1000000.0,1250000.0,2019-08-30T12:56:29.692000Z
1102,1.1041,1.1041200000000002,1000000.0,1000000.0,2019-08-30T12:56:29.895000Z
1103,1.10409,1.1041200000000002,2059999.9428,1000000.0,2019-08-30T12:56:30.046000Z
1104,1.10409,1.10413,2809999.9428,3259999.9905,2019-08-30T12:56:30.198000Z
1105,1.10409,1.10413,1370000.0048,2569999.9332,2019-08-30T12:56:30.437000Z
1106,1.10409,1.10413,1120000.0048,5139999.8665,2019-08-30T12:56:33.912000Z
1107,1.10409,1.1041200000000002,1309999.9428,1500000.0,2019-08-30T12:56:34.014000Z
1108,1.10409,1.10413,1309999.9428,3259999.9905,2019-08-30T12:56:34.115000Z
1109,1.10409,1.1041200000000002,1389999.9857,1100000.0238,2019-08-30T12:56:34.231000Z
1110,1.10409,1.10413,2160000.0858,4510000.2289,2019-08-30T12:56:39.835000Z
1111,1.10408,1.10409,1500000.0,1120000.0048,2019-08-30T12:56:40.015000Z
1112,1.10404,1.10407,1250000.0,1120000.0048,2019-08-30T12:56:40.117000Z
1113,1.10403,1.10407,2220000.0286,2319999.9332,2019-08-30T12:56:40.218000Z
1114,1.10403,1.10406,5159999.8474,1000000.0,2019-08-30T12:56:40.430000Z
1115,1.10403,1.10407,2910000.0858,2509999.9905,2019-08-30T12:56:40.671000Z
1116,1.10403,1.10406,4409999.8474,1000000.0,2019-08-30T12:56:40.859000Z
1117,1.10403,1.10407,2160000.0858,2509999.9905,2019-08-30T12:56:41.017000Z
1118,1.10403,1.10406,2910000.0858,1000000.0,2019-08-30T12:56:42.236000Z
1119,1.10403,1.10407,2910000.0858,2509999.9905,2019-08-30T12:56:42.882000Z
1120,1.10403,1.10406,2910000.0858,1000000.0,2019-08-30T12:56:44.008000Z
1121,1.10403,1.10406,1389999.9857,2700000.0477,2019-08-30T12:56:45.313000Z
1122,1.10403,1.10406,2160000.0858,1120000.0048,2019-08-30T12:56:45.414000Z
1123,1.1040200000000002,1.10406,5199999.8093,1500000.0,2019-08-30T12:56:46.387000Z
1124,1.10404,1.10407,1000000.0,6190000.0572,2019-08-30T12:56:46.489000Z
1125,1.10404,1.10407,1000000.0,6389999.8665,2019-08-30T12:56:46.590000Z
1126,1.10404,1.10407,1000000.0,5639999.8665,2019-08-30T12:56:48.745000Z
1127,1.1040200000000002,1.10406,4820000.1717,2750000.0,2019-08-30T12:56:48.906000Z
1128,1.1040200000000002,1.10406,3700000.0477,3000000.0,2019-08-30T12:56:49.744000Z
1129,1.1040200000000002,1.10405,2950000.0477,1000000.0,2019-08-30T12:56:53.861000Z
1130,1.1040200000000002,1.10404,1009999.9905,1250000.0,2019-08-30T12:56:54.303000Z
1131,1.1040200000000002,1.10403,1500000.0,1690000.0572,2019-08-30T12:56:54.404000Z
1132,1.104,1.10403,1000000.0,2440000.0572,2019-08-30T12:56:54.455000Z
1133,1.104,1.10403,1250000.0,3000000.0,2019-08-30T12:56:54.563000Z
1134,1.1040100000000002,1.10404,2890000.1049,1950000.0477,2019-08-30T12:56:54.665000Z
1135,1.1040100000000002,1.10403,1759999.9905,1500000.0,2019-08-30T12:56:54.817000Z
1136,1.1040100000000002,1.10404,1759999.9905,2250000.0,2019-08-30T12:56:54.968000Z
1137,1.1040100000000002,1.10404,2509999.9905,3200000.0477,2019-08-30T12:56:55.070000Z
1138,1.104,1.10404,1950000.0477,3250000.0,2019-08-30T12:56:57.512000Z
1139,1.104,1.10404,1500000.0,3069999.9332,2019-08-30T12:56:58.165000Z
1140,1.104,1.10404,4099999.9046,2250000.0,2019-08-30T12:56:58.267000Z
1141,1.1040100000000002,1.10403,1389999.9857,1000000.0,2019-08-30T12:56:58.418000Z
1142,1.1040100000000002,1.10404,1009999.9905,1000000.0,2019-08-30T12:56:58.520000Z
1143,1.1040200000000002,1.10405,1389999.9857,1820000.0525,2019-08-30T12:56:58.685000Z
1144,1.10403,1.10405,1000000.0,1250000.0,2019-08-30T12:56:58.787000Z
1145,1.10403,1.10405,1000000.0,1500000.0,2019-08-30T12:56:58.888000Z
1146,1.1040200000000002,1.10405,1009999.9905,1000000.0,2019-08-30T12:56:59.481000Z
1147,1.1040100000000002,1.10404,2140000.1049,1500000.0,2019-08-30T12:56:59.583000Z
1148,1.1040200000000002,1.10404,1250000.0,1000000.0,2019-08-30T12:56:59.686000Z
1149,1.1040200000000002,1.10405,1120000.0048,2500000.0,2019-08-30T12:56:59.795000Z
1150,1.1040200000000002,1.10406,2509999.9905,3549999.9523,2019-08-30T12:57:00.394000Z
1151,1.1040200000000002,1.10406,2509999.9905,2319999.9332,2019-08-30T12:57:00.495000Z
1152,1.10403,1.10406,1000000.0,3819999.9332,2019-08-30T12:57:00.596000Z
1153,1.10403,1.10406,1000000.0,2410000.0858,2019-08-30T12:57:00.827000Z
1154,1.10403,1.10406,1100000.0238,1250000.0,2019-08-30T12:57:01.231000Z
1155,1.1040200000000002,1.10406,6260000.2289,1250000.0,2019-08-30T12:57:02.075000Z
1156,1.10403,1.10406,1000000.0,1250000.0,2019-08-30T12:57:03.123000Z
1157,1.10403,1.10405,1000000.0,1250000.0,2019-08-30T12:57:03.325000Z
1158,1.104,1.10403,1570000.0525,1309999.9428,2019-08-30T12:57:03.465000Z
1159,1.104,1.10403,1690000.0572,3250000.0,2019-08-30T12:57:03.566000Z
1160,1.10399,1.104,1950000.0477,1000000.0,2019-08-30T12:57:03.778000Z
1161,1.10398,1.10399,1570000.0525,1000000.0,2019-08-30T12:57:03.931000Z
1162,1.1039700000000001,1.104,1200000.0477,3259999.9905,2019-08-30T12:57:03.981000Z
1163,1.10396,1.10398,1120000.0048,1000000.0,2019-08-30T12:57:04.032000Z
1164,1.10395,1.10398,1389999.9857,1389999.9857,2019-08-30T12:57:04.136000Z
1165,1.10393,1.10398,3410000.0858,4789999.9619,2019-08-30T12:57:04.237000Z
1166,1.10393,1.10396,1970000.0286,1000000.0,2019-08-30T12:57:04.540000Z
1167,1.10393,1.10396,1200000.0477,2319999.9332,2019-08-30T12:57:04.642000Z
1168,1.10393,1.10396,5719999.7902,1000000.0,2019-08-30T12:57:05.740000Z
1169,1.10393,1.10396,4949999.8093,2319999.9332,2019-08-30T12:57:06.268000Z
1170,1.10394,1.1039700000000001,3750000.0,4039999.9619,2019-08-30T12:57:09.134000Z
1171,1.1039200000000002,1.10394,2349999.9046,1500000.0,2019-08-30T12:57:09.931000Z
1172,1.1039,1.1039200000000002,1220000.0286,1000000.0,2019-08-30T12:57:10.032000Z
1173,1.10389,1.1039200000000002,1970000.0286,1500000.0,2019-08-30T12:57:10.133000Z
1174,1.10389,1.1039200000000002,1200000.0477,1570000.0525,2019-08-30T12:57:10.235000Z
1175,1.10388,1.1039,1009999.9905,1250000.0,2019-08-30T12:57:10.953000Z
1176,1.10388,1.1039100000000002,2289999.9619,3670000.0763,2019-08-30T12:57:16.299000Z
1177,1.10388,1.1039100000000002,1009999.9905,3000000.0,2019-08-30T12:57:16.400000Z
1178,1.10388,1.1039100000000002,2160000.0858,1750000.0,2019-08-30T12:57:18.206000Z
1179,1.10388,1.1039100000000002,1389999.9857,1750000.0,2019-08-30T12:57:18.411000Z
1180,1.10388,1.1039100000000002,2289999.9619,2549999.9523,2019-08-30T12:57:19.069000Z
1181,1.10388,1.1039100000000002,1389999.9857,4119999.8856,2019-08-30T12:57:19.171000Z
1182,1.1038700000000001,1.10389,1820000.0525,1000000.0,2019-08-30T12:57:23.905000Z
1183,1.1038700000000001,1.1039,2200000.0477,1250000.0,2019-08-30T12:57:25.865000Z
1184,1.1038700000000001,1.1039,4599999.9046,1500000.0,2019-08-30T12:57:26.611000Z
1185,1.10388,1.1039100000000002,5949999.8093,1690000.0572,2019-08-30T12:57:30.467000Z
1186,1.1038700000000001,1.1039,6789999.9619,1000000.0,2019-08-30T12:57:30.569000Z
1187,1.1038700000000001,1.1039,1389999.9857,1500000.0,2019-08-30T12:57:30.670000Z
1188,1.10386,1.10389,1570000.0525,4690000.0572,2019-08-30T12:57:31.374000Z
1189,1.10385,1.10388,6639999.8665,1000000.0,2019-08-30T12:57:31.475000Z
1190,1.10385,1.10388,7099999.9046,3750000.0,2019-08-30T12:57:31.526000Z
1191,1.10384,1.10388,6449999.8093,1500000.0,2019-08-30T12:57:31.627000Z
1192,1.10384,1.10386,5320000.1717,1000000.0,2019-08-30T12:57:31.729000Z
1193,1.10384,1.10386,1500000.0,1000000.0,2019-08-30T12:57:36.862000Z
1194,1.10385,1.10388,2440000.0572,5619999.8856,2019-08-30T12:57:42.403000Z
1195,1.10386,1.10389,2910000.0858,1000000.0,2019-08-30T12:57:42.505000Z
1196,1.10386,1.1039,2950000.0477,2619999.8856,2019-08-30T12:57:42.606000Z
1197,1.10386,1.1039,2200000.0477,2809999.9428,2019-08-30T12:57:42.959000Z
1198,1.10386,1.1039,1759999.9905,2059999.9428,2019-08-30T12:57:43.162000Z
1199,1.10386,1.1039,4820000.1717,1870000.0048,2019-08-30T12:57:45.333000Z
1200,1.1038700000000001,1.1039,2539999.9619,1120000.0048,2019-08-30T12:57:45.434000Z
1201,1.1038700000000001,1.1039100000000002,1309999.9428,3009999.9905,2019-08-30T12:57:45.535000Z
1202,1.1038700000000001,1.1039100000000002,3289999.9619,2940000.0572,2019-08-30T12:57:46.200000Z
1203,1.10389,1.1039100000000002,1200000.0477,2190000.0572,2019-08-30T12:57:48.223000Z
1204,1.10388,1.1039100000000002,1200000.0477,3750000.0,2019-08-30T12:57:48.738000Z
1205,1.10388,1.1039100000000002,2950000.0477,3500000.0,2019-08-30T12:57:50.619000Z
1206,1.1039,1.1039100000000002,1570000.0525,1000000.0,2019-08-30T12:57:50.721000Z
1207,1.1039,1.1039200000000002,2720000.0286,1000000.0,2019-08-30T12:57:50.822000Z
1208,1.10389,1.1039100000000002,1690000.0572,4869999.8856,2019-08-30T12:57:50.952000Z
1209,1.10389,1.1039,1100000.0238,1000000.0,2019-08-30T12:57:51.054000Z
1210,1.10388,1.1039,2140000.1049,1250000.0,2019-08-30T12:57:51.155000Z
1211,1.10388,1.1039100000000002,1850000.0238,1750000.0,2019-08-30T12:57:56.141000Z
1212,1.1038700000000001,1.1039100000000002,3470000.0286,1750000.0,2019-08-30T12:57:56.242000Z
1213,1.10388,1.1039100000000002,5539999.9619,1500000.0,2019-08-30T12:57:56.932000Z
1214,1.10388,1.1039100000000002,2319999.9332,1750000.0,2019-08-30T12:57:58.350000Z
1215,1.10389,1.1039100000000002,1220000.0286,1309999.9428,2019-08-30T12:57:58.451000Z
1216,1.10388,1.1039100000000002,1570000.0525,2190000.0572,2019-08-30T12:57:58.703000Z
1217,1.10388,1.1039100000000002,1970000.0286,1750000.0,2019-08-30T12:57:59.148000Z
1218,1.10388,1.1039100000000002,4570000.1717,1370000.0048,2019-08-30T12:57:59.301000Z
1219,1.10389,1.1039200000000002,1100000.0238,2940000.0572,2019-08-30T12:57:59.402000Z
1220,1.10388,1.1039200000000002,4789999.9619,2059999.9428,2019-08-30T12:58:00.312000Z
1221,1.10388,1.1039200000000002,4599999.9046,2119999.8856,2019-08-30T12:58:00.481000Z
1222,1.10388,1.1039200000000002,4789999.9619,2059999.9428,2019-08-30T12:58:00.637000Z
1223,1.10388,1.1039100000000002,2319999.9332,1250000.0,2019-08-30T12:58:00.738000Z
1224,1.10388,1.1039100000000002,2720000.0286,1309999.9428,2019-08-30T12:58:00.940000Z
1225,1.10388,1.1039100000000002,1950000.0477,1309999.9428,2019-08-30T12:58:01.115000Z
1226,1.10388,1.1039100000000002,2720000.0286,1309999.9428,2019-08-30T12:58:01.352000Z
1227,1.10388,1.1039100000000002,1950000.0477,1309999.9428,2019-08-30T12:58:01.553000Z
1228,1.10389,1.1039100000000002,1200000.0477,1750000.0,2019-08-30T12:58:01.883000Z
1229,1.10388,1.1039100000000002,2700000.0477,1809999.9428,2019-08-30T12:58:02.981000Z
1230,1.10389,1.1039100000000002,1200000.0477,1750000.0,2019-08-30T12:58:04.046000Z
1231,1.10389,1.1039200000000002,1389999.9857,2700000.0477,2019-08-30T12:58:04.319000Z
1232,1.1039200000000002,1.10393,5440000.0572,1570000.0525,2019-08-30T12:58:05.165000Z
1233,1.10393,1.10396,1100000.0238,1909999.9666,2019-08-30T12:58:05.216000Z
1234,1.10393,1.1039700000000001,6469999.7902,3700000.0477,2019-08-30T12:58:05.317000Z
1235,1.10394,1.10396,1970000.0286,1690000.0572,2019-08-30T12:58:07.268000Z
1236,1.10393,1.10396,1950000.0477,1690000.0572,2019-08-30T12:58:07.369000Z
1237,1.10394,1.10396,1009999.9905,1000000.0,2019-08-30T12:58:09.603000Z
1238,1.10394,1.1039700000000001,1389999.9857,1000000.0,2019-08-30T12:58:09.755000Z
1239,1.10395,1.1039700000000001,1220000.0286,1000000.0,2019-08-30T12:58:10.365000Z
1240,1.10394,1.1039700000000001,3039999.9619,1000000.0,2019-08-30T12:58:10.467000Z
1241,1.10395,1.10398,1389999.9857,2619999.8856,2019-08-30T12:58:12.349000Z
1242,1.10396,1.10399,2539999.9619,1500000.0,2019-08-30T12:58:12.501000Z
1243,1.10396,1.104,3410000.0858,3190000.0572,2019-08-30T12:58:12.602000Z
1244,1.1039700000000001,1.104,1220000.0286,3940000.0572,2019-08-30T12:58:12.703000Z
1245,1.10396,1.104,3410000.0858,3190000.0572,2019-08-30T12:58:12.817000Z
1246,1.1039700000000001,1.104,2160000.0858,1870000.0048,2019-08-30T12:58:15.282000Z
1247,1.10398,1.1040200000000002,2160000.0858,4059999.9428,2019-08-30T12:58:15.562000Z
1248,1.10398,1.1040100000000002,1950000.0477,1309999.9428,2019-08-30T12:58:15.664000Z
1249,1.10399,1.1040100000000002,1220000.0286,1309999.9428,2019-08-30T12:58:15.905000Z
1250,1.10398,1.1040100000000002,1200000.0477,3069999.9332,2019-08-30T12:58:15.956000Z
1251,1.10398,1.1040200000000002,1389999.9857,9199999.8093,2019-08-30T12:58:16.535000Z
1252,1.10398,1.1040100000000002,2160000.0858,1509999.9905,2019-08-30T12:58:16.636000Z
1253,1.10398,1.1040100000000002,1200000.0477,1700000.0477,2019-08-30T12:58:17.208000Z
1254,1.10398,1.1040100000000002,1970000.0286,1700000.0477,2019-08-30T12:58:17.571000Z
1255,1.10398,1.1040100000000002,1200000.0477,1250000.0,2019-08-30T12:58:17.673000Z
1256,1.10398,1.104,1970000.0286,1120000.0048,2019-08-30T12:58:19.131000Z
1257,1.10398,1.104,1200000.0477,1120000.0048,2019-08-30T12:58:19.233000Z
1258,1.10398,1.104,1450000.0477,1570000.0525,2019-08-30T12:58:19.842000Z
1259,1.10398,1.104,1200000.0477,1570000.0525,2019-08-30T12:58:20.079000Z
1260,1.10398,1.104,1970000.0286,1570000.0525,2019-08-30T12:58:20.181000Z
1261,1.10398,1.104,1200000.0477,1120000.0048,2019-08-30T12:58:20.282000Z
1262,1.10398,1.104,1350000.0238,1120000.0048,2019-08-30T12:58:20.415000Z
1263,1.10398,1.104,1389999.9857,1309999.9428,2019-08-30T12:58:20.895000Z
1264,1.10399,1.1040100000000002,1220000.0286,2809999.9428,2019-08-30T12:58:22.113000Z
1265,1.10398,1.104,2099999.9046,1120000.0048,2019-08-30T12:58:22.310000Z
1266,1.10398,1.104,1100000.0238,1120000.0048,2019-08-30T12:58:22.564000Z
1267,1.10394,1.10395,1200000.0477,3000000.0,2019-08-30T12:58:23.892000Z
1268,1.1039200000000002,1.10395,2470000.0286,1309999.9428,2019-08-30T12:58:23.994000Z
1269,1.1039200000000002,1.10395,1759999.9905,1120000.0048,2019-08-30T12:58:24.095000Z
1270,1.10393,1.10395,1100000.0238,1000000.0,2019-08-30T12:58:24.208000Z
1271,1.1039200000000002,1.10396,5659999.8474,1250000.0,2019-08-30T12:58:25.798000Z
1272,1.10395,1.1039700000000001,2809999.9428,1000000.0,2019-08-30T12:58:27.992000Z
1273,1.10395,1.10396,1200000.0477,1000000.0,2019-08-30T12:58:28.295000Z
1274,1.10394,1.10396,1100000.0238,1120000.0048,2019-08-30T12:58:30.893000Z
1275,1.10394,1.10396,1970000.0286,1000000.0,2019-08-30T12:58:35.771000Z
1276,1.10394,1.1039700000000001,1970000.0286,1309999.9428,2019-08-30T12:58:35.873000Z
1277,1.10393,1.10395,1389999.9857,1000000.0,2019-08-30T12:58:36.464000Z
1278,1.10389,1.1039100000000002,7039999.9619,1000000.0,2019-08-30T12:58:36.566000Z
1279,1.10389,1.1039100000000002,1200000.0477,1000000.0,2019-08-30T12:58:36.667000Z
1280,1.10389,1.1039100000000002,1970000.0286,1000000.0,2019-08-30T12:58:38.312000Z
1281,1.10389,1.1039100000000002,1100000.0238,1500000.0,2019-08-30T12:58:39.106000Z
1282,1.10388,1.10389,1200000.0477,1000000.0,2019-08-30T12:58:39.404000Z
1283,1.1038700000000001,1.10389,1100000.0238,1000000.0,2019-08-30T12:58:39.552000Z
1284,1.1038700000000001,1.10389,2099999.9046,1000000.0,2019-08-30T12:58:39.653000Z
1285,1.1038700000000001,1.10389,1100000.0238,1000000.0,2019-08-30T12:58:39.754000Z
1286,1.1038700000000001,1.10389,1970000.0286,1000000.0,2019-08-30T12:58:40.343000Z
