,bid,ask,bid_vol,ask_vol,time
0,1.20838,1.20843,1570000.0525,3450000.0477,2018-04-30T12:45:00.057000Z
1,1.20839,1.20842,1000000.0,2509999.9905,2018-04-30T12:45:00.585000Z
2,1.2084000000000001,1.20844,1500000.0,4570000.1717,2018-04-30T12:45:00.637000Z
3,1.2084000000000001,1.20845,10050000.1907,3450000.0477,2018-04-30T12:45:02.235000Z
4,1.2084000000000001,1.20844,1389999.9857,8130000.1144,2018-04-30T12:45:02.599000Z
5,1.2084000000000001,1.20844,1820000.0525,1389999.9857,2018-04-30T12:45:03.217000Z
6,1.20841,1.20846,2170000.0763,3819999.9332,2018-04-30T12:45:03.323000Z
7,1.20843,1.2084700000000002,3279999.9714,3259999.9905,2018-04-30T12:45:03.840000Z
8,1.20846,1.20849,1120000.0048,2140000.1049,2018-04-30T12:45:04.216000Z
9,1.20845,1.2085000000000001,8170000.0763,2140000.1049,2018-04-30T12:45:04.269000Z
10,1.20846,1.2085000000000001,1200000.0477,3640000.1049,2018-04-30T12:45:04.782000Z
11,1.20846,1.2085000000000001,2140000.1049,2890000.1049,2018-04-30T12:45:05.369000Z
12,1.20844,1.20848,3819999.9332,1009999.9905,2018-04-30T12:45:05.897000Z
13,1.20844,1.20848,2319999.9332,1009999.9905,2018-04-30T12:45:06.014000Z
14,1.20843,1.20845,2140000.1049,1000000.0,2018-04-30T12:45:06.427000Z
15,1.20841,1.20845,11510000.2289,2140000.1049,2018-04-30T12:45:06.632000Z
16,1.20841,1.20845,1100000.0238,5889999.8665,2018-04-30T12:45:07.183000Z
17,1.2084000000000001,1.20845,12109999.6567,5139999.8665,2018-04-30T12:45:07.947000Z
18,1.20841,1.20845,1009999.9905,4199999.8093,2018-04-30T12:45:08.497000Z
19,1.2084000000000001,1.20844,6860000.1335,1690000.0572,2018-04-30T12:45:09.342000Z
20,1.2084000000000001,1.20845,4610000.1335,8510000.2289,2018-04-30T12:45:09.850000Z
21,1.2084000000000001,1.20845,3859999.8951,5139999.8665,2018-04-30T12:45:09.902000Z
22,1.20841,1.20845,1389999.9857,3819999.9332,2018-04-30T12:45:12.897000Z
23,1.2084000000000001,1.20844,2319999.9332,1570000.0525,2018-04-30T12:45:14.304000Z
24,1.20839,1.20841,2700000.0477,1000000.0,2018-04-30T12:45:14.357000Z
25,1.2084000000000001,1.20844,1570000.0525,3259999.9905,2018-04-30T12:45:14.615000Z
26,1.20839,1.20843,2140000.1049,1759999.9905,2018-04-30T12:45:15.137000Z
27,1.2084000000000001,1.20843,1250000.0,1389999.9857,2018-04-30T12:45:15.669000Z
28,1.20841,1.20843,3000000.0,1000000.0,2018-04-30T12:45:16.180000Z
29,1.20841,1.20845,1299999.9523,3819999.9332,2018-04-30T12:45:16.690000Z
30,1.20841,1.20845,3490000.0095,1950000.0477,2018-04-30T12:45:16.793000Z
31,1.20841,1.20845,2359999.8951,1950000.0477,2018-04-30T12:45:17.343000Z
32,1.2084000000000001,1.20844,4760000.2289,6389999.8665,2018-04-30T12:45:17.745000Z
33,1.2084000000000001,1.20842,1450000.0477,2250000.0,2018-04-30T12:45:18.372000Z
34,1.20838,1.20841,4420000.0763,1000000.0,2018-04-30T12:45:18.479000Z
35,1.20839,1.20843,1200000.0477,5260000.2289,2018-04-30T12:45:18.937000Z
36,1.20839,1.20842,1100000.0238,2940000.0572,2018-04-30T12:45:19.478000Z
37,1.20838,1.20843,6110000.1335,3819999.9332,2018-04-30T12:45:20.024000Z
38,1.20839,1.20842,1570000.0525,1500000.0,2018-04-30T12:45:20.561000Z
39,1.20839,1.20843,1450000.0477,4199999.8093,2018-04-30T12:45:21.104000Z
40,1.20839,1.20842,1500000.0,1570000.0525,2018-04-30T12:45:22.033000Z
41,1.20838,1.20843,5920000.0763,4199999.8093,2018-04-30T12:45:22.589000Z
42,1.20839,1.20842,2250000.0,1570000.0525,2018-04-30T12:45:23.197000Z
43,1.20838,1.20843,6670000.0763,4949999.8093,2018-04-30T12:45:23.996000Z
44,1.20838,1.20843,5920000.0763,4199999.8093,2018-04-30T12:45:24.540000Z
45,1.2084000000000001,1.20842,2250000.0,1500000.0,2018-04-30T12:45:25.071000Z
46,1.20839,1.20843,2890000.1049,2700000.0477,2018-04-30T12:45:25.620000Z
47,1.20842,1.20843,1000000.0,1100000.0238,2018-04-30T12:45:26.014000Z
48,1.2084000000000001,1.20845,16049999.2371,4949999.8093,2018-04-30T12:45:26.117000Z
49,1.20843,1.20845,1000000.0,3000000.0,2018-04-30T12:45:26.170000Z
50,1.20841,1.20845,5920000.0763,3069999.9332,2018-04-30T12:45:26.324000Z
51,1.20841,1.20844,8140000.3433,1100000.0238,2018-04-30T12:45:26.836000Z
52,1.20842,1.20845,4199999.8093,1000000.0,2018-04-30T12:45:27.358000Z
53,1.20842,1.20846,3819999.9332,3069999.9332,2018-04-30T12:45:28.768000Z
54,1.20843,1.20845,1200000.0477,1000000.0,2018-04-30T12:45:29.376000Z
55,1.20842,1.20846,8550000.1907,1570000.0525,2018-04-30T12:45:29.895000Z
56,1.20843,1.20846,1200000.0477,1500000.0,2018-04-30T12:45:30.521000Z
57,1.20843,1.2084700000000002,1950000.0477,4199999.8093,2018-04-30T12:45:31.196000Z
58,1.20842,1.20846,10609999.6567,1000000.0,2018-04-30T12:45:31.739000Z
59,1.20843,1.2084700000000002,1070000.0525,1570000.0525,2018-04-30T12:45:32.246000Z
60,1.20843,1.2084700000000002,1200000.0477,3259999.9905,2018-04-30T12:45:32.766000Z
61,1.20842,1.2084700000000002,11359999.6567,2140000.1049,2018-04-30T12:45:34.431000Z
62,1.20843,1.2084700000000002,1100000.0238,1389999.9857,2018-04-30T12:45:38.520000Z
63,1.20843,1.2084700000000002,5320000.1717,7389999.8665,2018-04-30T12:45:39.107000Z
64,1.20843,1.20845,1100000.0238,1000000.0,2018-04-30T12:45:42.613000Z
65,1.20843,1.20846,1100000.0238,1250000.0,2018-04-30T12:45:43.155000Z
66,1.20841,1.20843,3069999.9332,1000000.0,2018-04-30T12:45:43.413000Z
67,1.20838,1.20842,2700000.0477,7570000.1717,2018-04-30T12:45:43.626000Z
68,1.20838,1.2084000000000001,2319999.9332,1500000.0,2018-04-30T12:45:43.687000Z
69,1.20838,1.20841,1120000.0048,3819999.9332,2018-04-30T12:45:44.222000Z
70,1.20838,1.2084000000000001,1120000.0048,1000000.0,2018-04-30T12:45:44.745000Z
71,1.20836,1.20839,5360000.1335,1000000.0,2018-04-30T12:45:45.531000Z
72,1.20836,1.20841,5360000.1335,1759999.9905,2018-04-30T12:45:45.685000Z
73,1.20836,1.20839,4989999.7711,1000000.0,2018-04-30T12:45:45.788000Z
74,1.2083700000000002,1.2084000000000001,4869999.8856,1100000.0238,2018-04-30T12:45:46.295000Z
75,1.20838,1.2084000000000001,1000000.0,1570000.0525,2018-04-30T12:45:46.844000Z
76,1.20839,1.20842,2140000.1049,1000000.0,2018-04-30T12:45:47.335000Z
77,1.20841,1.20844,1000000.0,6820000.1717,2018-04-30T12:45:48.972000Z
78,1.2084000000000001,1.20844,1309999.9428,5889999.8665,2018-04-30T12:45:49.499000Z
79,1.20839,1.20842,2619999.8856,1100000.0238,2018-04-30T12:45:50.011000Z
80,1.20839,1.20842,1389999.9857,1389999.9857,2018-04-30T12:45:52.496000Z
81,1.20836,1.2084000000000001,5739999.7711,1950000.0477,2018-04-30T12:45:52.636000Z
82,1.20836,1.2084000000000001,6079999.9237,2319999.9332,2018-04-30T12:45:53.157000Z
83,1.20836,1.20839,1389999.9857,1500000.0,2018-04-30T12:45:54.025000Z
84,1.20836,1.2084000000000001,1990000.0095,1100000.0238,2018-04-30T12:45:54.580000Z
85,1.20836,1.20839,2140000.1049,1000000.0,2018-04-30T12:45:55.611000Z
86,1.20835,1.2084000000000001,8359999.6567,1100000.0238,2018-04-30T12:45:56.151000Z
87,1.2083700000000002,1.2084000000000001,1000000.0,3069999.9332,2018-04-30T12:45:57.360000Z
88,1.20838,1.20841,1870000.0048,2319999.9332,2018-04-30T12:45:59.248000Z
89,1.2083700000000002,1.20842,8699999.8093,5320000.1717,2018-04-30T12:46:00.236000Z
90,1.2084000000000001,1.20842,1000000.0,2319999.9332,2018-04-30T12:46:00.528000Z
91,1.20838,1.20843,4389999.8665,3450000.0477,2018-04-30T12:46:01.048000Z
92,1.2084000000000001,1.20844,1190000.0572,3450000.0477,2018-04-30T12:46:01.361000Z
93,1.20839,1.20843,7949999.8093,4570000.1717,2018-04-30T12:46:01.465000Z
94,1.2084000000000001,1.20843,1250000.0,1759999.9905,2018-04-30T12:46:01.979000Z
95,1.2084000000000001,1.20843,1250000.0,2509999.9905,2018-04-30T12:46:02.497000Z
96,1.20839,1.20843,3819999.9332,1100000.0238,2018-04-30T12:46:03.042000Z
97,1.2084000000000001,1.20844,1250000.0,7010000.2289,2018-04-30T12:46:03.932000Z
98,1.20839,1.20843,12069999.6948,1009999.9905,2018-04-30T12:46:04.477000Z
99,1.20839,1.20844,12260000.2289,4570000.1717,2018-04-30T12:46:05.124000Z
100,1.2084000000000001,1.20844,2140000.1049,1950000.0477,2018-04-30T12:46:06.942000Z
101,1.20842,1.20846,1000000.0,3450000.0477,2018-04-30T12:46:07.651000Z
102,1.20841,1.20845,1200000.0477,3259999.9905,2018-04-30T12:46:08.183000Z
103,1.20841,1.20844,1200000.0477,1250000.0,2018-04-30T12:46:08.690000Z
104,1.20841,1.20845,1200000.0477,3640000.1049,2018-04-30T12:46:09.236000Z
105,1.20841,1.20845,1200000.0477,2890000.1049,2018-04-30T12:46:09.607000Z
106,1.20841,1.20845,1200000.0477,5510000.2289,2018-04-30T12:46:10.191000Z
107,1.20841,1.20844,1200000.0477,1000000.0,2018-04-30T12:46:10.748000Z
108,1.20841,1.20845,1200000.0477,3259999.9905,2018-04-30T12:46:11.275000Z
109,1.20841,1.20843,1389999.9857,1250000.0,2018-04-30T12:46:13.160000Z
110,1.20838,1.20843,6070000.1717,4239999.7711,2018-04-30T12:46:13.306000Z
111,1.20838,1.20842,4949999.8093,2920000.0763,2018-04-30T12:46:13.409000Z
112,1.2083700000000002,1.20841,1250000.0,4760000.2289,2018-04-30T12:46:13.567000Z
113,1.20836,1.20841,3069999.9332,5320000.1717,2018-04-30T12:46:14.083000Z
114,1.2083700000000002,1.2084000000000001,1000000.0,1950000.0477,2018-04-30T12:46:15.349000Z
115,1.2083700000000002,1.2084000000000001,1250000.0,2890000.1049,2018-04-30T12:46:15.959000Z
116,1.20836,1.20841,3640000.1049,4760000.2289,2018-04-30T12:46:16.469000Z
117,1.20836,1.20839,1950000.0477,1000000.0,2018-04-30T12:46:18.936000Z
118,1.20836,1.2084000000000001,1950000.0477,1950000.0477,2018-04-30T12:46:19.443000Z
119,1.20836,1.20839,2700000.0477,1000000.0,2018-04-30T12:46:20.526000Z
120,1.20836,1.20841,1950000.0477,7760000.2289,2018-04-30T12:46:21.490000Z
121,1.20836,1.20841,2140000.1049,1570000.0525,2018-04-30T12:46:21.999000Z
122,1.20836,1.2084000000000001,3640000.1049,2140000.1049,2018-04-30T12:46:22.513000Z
123,1.20836,1.2084000000000001,1200000.0477,1570000.0525,2018-04-30T12:46:23.076000Z
124,1.20836,1.20839,1100000.0238,1000000.0,2018-04-30T12:46:24.257000Z
125,1.20835,1.2084000000000001,4389999.8665,3450000.0477,2018-04-30T12:46:25.232000Z
126,1.20835,1.20839,7760000.2289,1000000.0,2018-04-30T12:46:25.790000Z
127,1.20835,1.2084000000000001,6260000.2289,4949999.8093,2018-04-30T12:46:26.698000Z
128,1.20836,1.20839,1200000.0477,1000000.0,2018-04-30T12:46:27.228000Z
129,1.20836,1.20839,2319999.9332,1000000.0,2018-04-30T12:46:30.207000Z
130,1.20836,1.2084000000000001,5320000.1717,3000000.0,2018-04-30T12:46:30.722000Z
131,1.20836,1.20839,1450000.0477,1000000.0,2018-04-30T12:46:31.312000Z
132,1.20836,1.2084000000000001,1200000.0477,4119999.8856,2018-04-30T12:46:31.840000Z
133,1.20838,1.20839,1200000.0477,1000000.0,2018-04-30T12:46:34.242000Z
134,1.2083700000000002,1.2084000000000001,1450000.0477,1009999.9905,2018-04-30T12:46:34.774000Z
135,1.2083700000000002,1.20841,1200000.0477,6639999.8665,2018-04-30T12:46:35.282000Z
136,1.20838,1.20841,1200000.0477,5510000.2289,2018-04-30T12:46:35.812000Z
137,1.20838,1.20841,1100000.0238,1500000.0,2018-04-30T12:46:36.637000Z
138,1.20839,1.20841,3670000.0763,1000000.0,2018-04-30T12:46:38.784000Z
139,1.2084000000000001,1.20843,6449999.8093,1120000.0048,2018-04-30T12:46:38.889000Z
140,1.20843,1.20846,1500000.0,4760000.2289,2018-04-30T12:46:38.941000Z
141,1.20843,1.20846,1200000.0477,1690000.0572,2018-04-30T12:46:39.082000Z
142,1.20842,1.2084700000000002,4239999.7711,3259999.9905,2018-04-30T12:46:39.593000Z
143,1.20842,1.20845,3670000.0763,1000000.0,2018-04-30T12:46:39.905000Z
144,1.20843,1.20845,1389999.9857,1690000.0572,2018-04-30T12:46:40.673000Z
145,1.20842,1.20846,1389999.9857,5320000.1717,2018-04-30T12:46:41.035000Z
146,1.20842,1.20845,1389999.9857,1500000.0,2018-04-30T12:46:41.729000Z
147,1.20842,1.20845,2140000.1049,4130000.1144,2018-04-30T12:46:42.410000Z
148,1.20841,1.20844,3069999.9332,1759999.9905,2018-04-30T12:46:43.946000Z
149,1.20841,1.20844,1250000.0,1009999.9905,2018-04-30T12:46:44.638000Z
150,1.20841,1.20844,1250000.0,5139999.8665,2018-04-30T12:46:45.185000Z
151,1.20841,1.20845,1100000.0238,4570000.1717,2018-04-30T12:46:45.391000Z
152,1.20841,1.20842,1200000.0477,1000000.0,2018-04-30T12:46:46.041000Z
153,1.20839,1.20842,2700000.0477,6190000.0572,2018-04-30T12:46:46.146000Z
154,1.20839,1.2084000000000001,1200000.0477,1000000.0,2018-04-30T12:46:46.199000Z
155,1.2083700000000002,1.20841,2700000.0477,1759999.9905,2018-04-30T12:46:46.355000Z
156,1.2083700000000002,1.2084000000000001,1200000.0477,1000000.0,2018-04-30T12:46:46.881000Z
157,1.20836,1.20839,5139999.8665,1250000.0,2018-04-30T12:46:48.059000Z
158,1.20836,1.2084000000000001,1950000.0477,2809999.9428,2018-04-30T12:46:48.576000Z
159,1.20836,1.20839,2700000.0477,1500000.0,2018-04-30T12:46:50.265000Z
160,1.20836,1.2084000000000001,2140000.1049,1000000.0,2018-04-30T12:46:51.463000Z
161,1.20836,1.2084000000000001,2700000.0477,2440000.0572,2018-04-30T12:46:52.255000Z
162,1.20836,1.2084000000000001,1950000.0477,1120000.0048,2018-04-30T12:46:52.767000Z
163,1.20836,1.20839,3259999.9905,1500000.0,2018-04-30T12:46:56.244000Z
164,1.2083700000000002,1.2084000000000001,1000000.0,3640000.1049,2018-04-30T12:47:01.341000Z
165,1.20836,1.2084000000000001,3000000.0,2509999.9905,2018-04-30T12:47:01.848000Z
166,1.2083700000000002,1.20839,1000000.0,1100000.0238,2018-04-30T12:47:02.545000Z
167,1.20836,1.20841,3559999.9428,6260000.2289,2018-04-30T12:47:03.211000Z
168,1.2083700000000002,1.2084000000000001,1000000.0,3640000.1049,2018-04-30T12:47:04.048000Z
169,1.20836,1.2084000000000001,2619999.8856,5139999.8665,2018-04-30T12:47:04.552000Z
170,1.20836,1.2084000000000001,2700000.0477,2509999.9905,2018-04-30T12:47:06.016000Z
171,1.20836,1.2084000000000001,3450000.0477,11890000.3433,2018-04-30T12:47:06.640000Z
172,1.20836,1.2084000000000001,2700000.0477,9250000.0,2018-04-30T12:47:07.244000Z
173,1.20836,1.20839,3450000.0477,1500000.0,2018-04-30T12:47:07.752000Z
174,1.20836,1.2084000000000001,2700000.0477,4010000.2289,2018-04-30T12:47:08.292000Z
175,1.20836,1.20839,4949999.8093,1000000.0,2018-04-30T12:47:10.524000Z
176,1.2083700000000002,1.2084000000000001,1000000.0,2130000.1144,2018-04-30T12:47:11.139000Z
177,1.20836,1.2084000000000001,3450000.0477,2509999.9905,2018-04-30T12:47:11.698000Z
178,1.20836,1.2084000000000001,3450000.0477,4010000.2289,2018-04-30T12:47:12.498000Z
179,1.20836,1.2084000000000001,2700000.0477,2509999.9905,2018-04-30T12:47:13.023000Z
180,1.20836,1.20839,3450000.0477,1000000.0,2018-04-30T12:47:13.542000Z
181,1.20836,1.20838,1009999.9905,1009999.9905,2018-04-30T12:47:14.079000Z
182,1.20835,1.20838,1389999.9857,1000000.0,2018-04-30T12:47:19.987000Z
183,1.20835,1.2083700000000002,2059999.9428,1000000.0,2018-04-30T12:47:22.637000Z
184,1.20835,1.20838,1120000.0048,3819999.9332,2018-04-30T12:47:23.141000Z
185,1.20835,1.2083700000000002,1309999.9428,1000000.0,2018-04-30T12:47:24.600000Z
186,1.20835,1.20838,2059999.9428,1200000.0477,2018-04-30T12:47:25.146000Z
187,1.20835,1.20838,2319999.9332,1000000.0,2018-04-30T12:47:26.532000Z
188,1.20835,1.20838,2140000.1049,1000000.0,2018-04-30T12:47:27.212000Z
189,1.20835,1.20838,2140000.1049,2890000.1049,2018-04-30T12:47:27.813000Z
190,1.20833,1.20835,1000000.0,4010000.2289,2018-04-30T12:47:28.001000Z
191,1.20831,1.20834,1009999.9905,1000000.0,2018-04-30T12:47:28.105000Z
192,1.2083000000000002,1.20833,2140000.1049,1000000.0,2018-04-30T12:47:28.675000Z
193,1.2083000000000002,1.20834,2059999.9428,2740000.0095,2018-04-30T12:47:29.341000Z
194,1.20831,1.20833,1000000.0,1570000.0525,2018-04-30T12:47:29.974000Z
195,1.2083000000000002,1.20832,1389999.9857,1100000.0238,2018-04-30T12:47:30.521000Z
196,1.2083000000000002,1.20834,8390000.3433,5889999.8665,2018-04-30T12:47:33.110000Z
197,1.2083000000000002,1.20834,6449999.8093,3640000.1049,2018-04-30T12:47:34.038000Z
198,1.2083000000000002,1.20834,8699999.8093,5130000.1144,2018-04-30T12:47:35.163000Z
199,1.2083000000000002,1.20834,8619999.8856,4389999.8665,2018-04-30T12:47:35.674000Z
200,1.2083000000000002,1.20834,1870000.0048,1950000.0477,2018-04-30T12:47:36.220000Z
201,1.20831,1.20834,1000000.0,2700000.0477,2018-04-30T12:47:36.755000Z
202,1.2083000000000002,1.20834,1870000.0048,2700000.0477,2018-04-30T12:47:37.302000Z
203,1.20831,1.20834,1000000.0,3450000.0477,2018-04-30T12:47:37.913000Z
204,1.2083000000000002,1.20834,2809999.9428,3640000.1049,2018-04-30T12:47:38.431000Z
205,1.20831,1.20834,1000000.0,4199999.8093,2018-04-30T12:47:38.974000Z
206,1.2083000000000002,1.20834,4869999.8856,2700000.0477,2018-04-30T12:47:39.546000Z
207,1.20831,1.20834,1000000.0,3450000.0477,2018-04-30T12:47:40.067000Z
208,1.2083000000000002,1.20834,4309999.9428,3640000.1049,2018-04-30T12:47:40.655000Z
209,1.20831,1.20834,1000000.0,4389999.8665,2018-04-30T12:47:41.402000Z
210,1.20831,1.20835,1759999.9905,3450000.0477,2018-04-30T12:47:41.929000Z
211,1.20831,1.20835,2740000.0095,2319999.9332,2018-04-30T12:47:42.705000Z
212,1.20831,1.20834,5739999.7711,1000000.0,2018-04-30T12:47:43.935000Z
213,1.20832,1.20835,4389999.8665,2509999.9905,2018-04-30T12:47:44.489000Z
214,1.20834,1.20836,1000000.0,1690000.0572,2018-04-30T12:47:45.038000Z
215,1.20832,1.20834,1100000.0238,1000000.0,2018-04-30T12:47:45.303000Z
216,1.2083000000000002,1.20834,1009999.9905,4949999.8093,2018-04-30T12:47:45.411000Z
217,1.20831,1.20833,1500000.0,1100000.0238,2018-04-30T12:47:45.941000Z
218,1.20829,1.20834,4199999.8093,5699999.8093,2018-04-30T12:47:46.196000Z
219,1.2083000000000002,1.20833,3750000.0,1570000.0525,2018-04-30T12:47:46.707000Z
220,1.2083000000000002,1.20833,4570000.1717,4760000.2289,2018-04-30T12:47:47.237000Z
221,1.20831,1.20833,1000000.0,3259999.9905,2018-04-30T12:47:48.155000Z
222,1.2083000000000002,1.20833,2319999.9332,1570000.0525,2018-04-30T12:47:48.668000Z
223,1.2082700000000002,1.20832,1389999.9857,5099999.9046,2018-04-30T12:47:48.932000Z
224,1.2082700000000002,1.20831,1389999.9857,1870000.0048,2018-04-30T12:47:49.007000Z
225,1.2082700000000002,1.20831,1009999.9905,2700000.0477,2018-04-30T12:47:49.618000Z
226,1.2082700000000002,1.2083000000000002,1759999.9905,2250000.0,2018-04-30T12:47:50.384000Z
227,1.2082700000000002,1.20829,1759999.9905,1000000.0,2018-04-30T12:47:50.885000Z
228,1.2082700000000002,1.2083000000000002,1009999.9905,1000000.0,2018-04-30T12:47:51.513000Z
229,1.2082700000000002,1.20829,1759999.9905,1000000.0,2018-04-30T12:47:52.061000Z
230,1.2082700000000002,1.2083000000000002,1009999.9905,1000000.0,2018-04-30T12:47:52.876000Z
231,1.2082700000000002,1.20829,1250000.0,2250000.0,2018-04-30T12:47:53.929000Z
232,1.2082600000000001,1.2083000000000002,3259999.9905,3900000.0954,2018-04-30T12:47:54.881000Z
233,1.2082700000000002,1.20829,1250000.0,1500000.0,2018-04-30T12:47:55.407000Z
234,1.2082600000000001,1.2083000000000002,2509999.9905,1570000.0525,2018-04-30T12:47:55.921000Z
235,1.2082700000000002,1.20829,1309999.9428,1500000.0,2018-04-30T12:47:56.852000Z
236,1.2082600000000001,1.2083000000000002,3859999.8951,1570000.0525,2018-04-30T12:47:57.475000Z
237,1.20828,1.20831,2250000.0,2319999.9332,2018-04-30T12:47:58.447000Z
238,1.20834,1.2083700000000002,2549999.9523,1100000.0238,2018-04-30T12:47:58.792000Z
239,1.20834,1.20838,5320000.1717,4760000.2289,2018-04-30T12:47:59.302000Z
240,1.20834,1.2083700000000002,5320000.1717,1500000.0,2018-04-30T12:47:59.934000Z
241,1.20834,1.20836,1870000.0048,1120000.0048,2018-04-30T12:48:02.008000Z
242,1.20833,1.2083700000000002,3069999.9332,2319999.9332,2018-04-30T12:48:02.561000Z
243,1.20833,1.2083700000000002,1000000.0,7050000.1907,2018-04-30T12:48:03.398000Z
244,1.20833,1.20835,1120000.0048,4500000.0,2018-04-30T12:48:03.908000Z
245,1.20832,1.20836,1100000.0238,4949999.8093,2018-04-30T12:48:04.460000Z
246,1.20832,1.20835,5699999.8093,1500000.0,2018-04-30T12:48:04.989000Z
247,1.20833,1.20836,1309999.9428,1570000.0525,2018-04-30T12:48:05.539000Z
248,1.20833,1.20835,4309999.9428,1000000.0,2018-04-30T12:48:06.592000Z
249,1.20833,1.2083700000000002,1309999.9428,3599999.9046,2018-04-30T12:48:07.165000Z
250,1.20833,1.2083700000000002,1570000.0525,3069999.9332,2018-04-30T12:48:08.935000Z
251,1.20833,1.2083700000000002,3069999.9332,2920000.0763,2018-04-30T12:48:11.799000Z
252,1.20835,1.20838,2250000.0,2319999.9332,2018-04-30T12:48:12.345000Z
253,1.20834,1.20838,5699999.8093,3069999.9332,2018-04-30T12:48:12.874000Z
254,1.20835,1.20838,4500000.0,1100000.0238,2018-04-30T12:48:13.728000Z
255,1.20836,1.20838,1000000.0,1100000.0238,2018-04-30T12:48:14.382000Z
256,1.20835,1.2083700000000002,1570000.0525,1000000.0,2018-04-30T12:48:16.631000Z
257,1.20835,1.20838,1570000.0525,1200000.0477,2018-04-30T12:48:17.238000Z
258,1.20835,1.2083700000000002,1200000.0477,1100000.0238,2018-04-30T12:48:41.412000Z
259,1.20834,1.20836,2319999.9332,1000000.0,2018-04-30T12:48:42.151000Z
260,1.20832,1.20835,1950000.0477,1000000.0,2018-04-30T12:48:42.256000Z
261,1.20832,1.2083700000000002,4800000.1907,5739999.7711,2018-04-30T12:48:42.792000Z
262,1.20832,1.20834,1570000.0525,1000000.0,2018-04-30T12:48:49.183000Z
263,1.2083000000000002,1.20834,1200000.0477,1950000.0477,2018-04-30T12:48:49.290000Z
264,1.20832,1.20835,1250000.0,4010000.2289,2018-04-30T12:48:49.809000Z
265,1.20832,1.20834,1000000.0,1000000.0,2018-04-30T12:48:51.729000Z
266,1.20832,1.20835,1500000.0,1570000.0525,2018-04-30T12:48:52.357000Z
267,1.20832,1.20834,1250000.0,1250000.0,2018-04-30T12:48:55.062000Z
268,1.20832,1.20836,1000000.0,2319999.9332,2018-04-30T12:48:56.616000Z
269,1.20834,1.20836,1000000.0,1570000.0525,2018-04-30T12:48:56.670000Z
270,1.20834,1.20838,2140000.1049,1950000.0477,2018-04-30T12:48:56.775000Z
271,1.20834,1.2083700000000002,1950000.0477,1250000.0,2018-04-30T12:48:57.364000Z
272,1.20835,1.20838,1250000.0,5139999.8665,2018-04-30T12:48:57.874000Z
273,1.20836,1.20838,2250000.0,1570000.0525,2018-04-30T12:48:59.604000Z
274,1.20836,1.2084000000000001,1950000.0477,4199999.8093,2018-04-30T12:49:00.948000Z
275,1.20836,1.20839,2319999.9332,1000000.0,2018-04-30T12:49:02.300000Z
276,1.20836,1.2084000000000001,4010000.2289,4760000.2289,2018-04-30T12:49:02.833000Z
277,1.20836,1.2084000000000001,1570000.0525,1100000.0238,2018-04-30T12:49:03.397000Z
278,1.2083700000000002,1.2084000000000001,1100000.0238,6070000.1717,2018-04-30T12:49:04.556000Z
279,1.20836,1.2084000000000001,1100000.0238,3069999.9332,2018-04-30T12:49:11.895000Z
280,1.20836,1.20839,1000000.0,5320000.1717,2018-04-30T12:49:13.159000Z
281,1.20834,1.2083700000000002,3069999.9332,6000000.0,2018-04-30T12:49:13.212000Z
282,1.20833,1.20835,1200000.0477,2250000.0,2018-04-30T12:49:13.683000Z
283,1.20832,1.20835,1950000.0477,6000000.0,2018-04-30T12:49:13.788000Z
284,1.20832,1.20835,2700000.0477,4199999.8093,2018-04-30T12:49:14.292000Z
285,1.20831,1.20833,3069999.9332,2250000.0,2018-04-30T12:49:22.719000Z
286,1.20831,1.20834,2319999.9332,1100000.0238,2018-04-30T12:49:22.975000Z
287,1.20831,1.20833,2319999.9332,2250000.0,2018-04-30T12:49:25.688000Z
288,1.20831,1.20834,2319999.9332,3069999.9332,2018-04-30T12:49:26.401000Z
289,1.20831,1.20833,1120000.0048,3000000.0,2018-04-30T12:49:27Z
290,1.20831,1.20832,1120000.0048,2250000.0,2018-04-30T12:49:27.520000Z
291,1.20831,1.20833,1120000.0048,3750000.0,2018-04-30T12:49:28.158000Z
292,1.20831,1.20834,1870000.0048,2319999.9332,2018-04-30T12:49:28.722000Z
293,1.2083000000000002,1.20833,5889999.8665,2250000.0,2018-04-30T12:49:31.001000Z
294,1.20832,1.20835,1690000.0572,1200000.0477,2018-04-30T12:49:31.260000Z
295,1.20834,1.20836,1000000.0,1570000.0525,2018-04-30T12:49:31.586000Z
296,1.20835,1.20838,1000000.0,5510000.2289,2018-04-30T12:49:31.690000Z
297,1.20834,1.2083700000000002,1759999.9905,1250000.0,2018-04-30T12:49:32.236000Z
298,1.20834,1.20838,1009999.9905,4010000.2289,2018-04-30T12:49:32.769000Z
299,1.20834,1.2083700000000002,1009999.9905,1250000.0,2018-04-30T12:49:33.619000Z
300,1.20834,1.20838,1570000.0525,4760000.2289,2018-04-30T12:49:34.130000Z
301,1.20834,1.2083700000000002,1289999.9619,1250000.0,2018-04-30T12:49:34.764000Z
302,1.20834,1.20838,1100000.0238,1009999.9905,2018-04-30T12:49:35.286000Z
303,1.20834,1.2083700000000002,2319999.9332,1000000.0,2018-04-30T12:49:37.113000Z
304,1.20834,1.20838,2319999.9332,4239999.7711,2018-04-30T12:49:37.650000Z
305,1.20834,1.2083700000000002,2509999.9905,1690000.0572,2018-04-30T12:49:38.191000Z
306,1.20834,1.20838,2319999.9332,4239999.7711,2018-04-30T12:49:38.763000Z
307,1.2083700000000002,1.20839,2099999.9046,11699999.8093,2018-04-30T12:49:41.453000Z
308,1.20839,1.20841,6750000.0,1000000.0,2018-04-30T12:49:41.612000Z
309,1.20841,1.20845,2849999.9046,1700000.0477,2018-04-30T12:49:41.716000Z
310,1.20842,1.20846,1000000.0,4610000.1335,2018-04-30T12:49:41.820000Z
311,1.20843,1.20845,1000000.0,1000000.0,2018-04-30T12:49:42.357000Z
312,1.20844,1.20845,1000000.0,1009999.9905,2018-04-30T12:49:42.934000Z
313,1.20844,1.2084700000000002,1500000.0,4199999.8093,2018-04-30T12:49:42.986000Z
314,1.20845,1.2084700000000002,1000000.0,5320000.1717,2018-04-30T12:49:43.499000Z
315,1.20842,1.20846,1450000.0477,1570000.0525,2018-04-30T12:49:44.041000Z
316,1.20842,1.20846,1000000.0,1950000.0477,2018-04-30T12:49:44.094000Z
317,1.20844,1.20846,1000000.0,1100000.0238,2018-04-30T12:49:44.587000Z
318,1.20843,1.2084700000000002,2250000.0,5320000.1717,2018-04-30T12:49:45.099000Z
319,1.20842,1.2084700000000002,1200000.0477,2890000.1049,2018-04-30T12:49:45.628000Z
320,1.20843,1.2084700000000002,1000000.0,4199999.8093,2018-04-30T12:49:47.720000Z
321,1.20845,1.2084700000000002,2099999.9046,1570000.0525,2018-04-30T12:49:48.099000Z
322,1.2085000000000001,1.20852,3450000.0477,1000000.0,2018-04-30T12:49:48.413000Z
323,1.2085000000000001,1.20855,3819999.9332,1570000.0525,2018-04-30T12:49:48.612000Z
324,1.2085000000000001,1.20852,3259999.9905,1000000.0,2018-04-30T12:49:49.294000Z
325,1.2085000000000001,1.20855,2890000.1049,5920000.0763,2018-04-30T12:49:49.502000Z
326,1.20852,1.20856,2319999.9332,1950000.0477,2018-04-30T12:49:50.021000Z
327,1.20852,1.20856,1950000.0477,4050000.1907,2018-04-30T12:49:51.735000Z
328,1.20852,1.20856,2890000.1049,1799999.9523,2018-04-30T12:49:52.411000Z
329,1.20852,1.20856,2140000.1049,1419999.9571,2018-04-30T12:49:52.462000Z
330,1.2085299999999999,1.20856,1669999.9571,1100000.0238,2018-04-30T12:49:52.973000Z
331,1.20855,1.20859,4389999.8665,2140000.1049,2018-04-30T12:49:53.115000Z
332,1.2085700000000001,1.2086100000000002,1370000.0048,4760000.2289,2018-04-30T12:49:53.171000Z
333,1.20854,1.20859,2700000.0477,5329999.9237,2018-04-30T12:49:53.484000Z
334,1.20854,1.2085700000000001,3450000.0477,1000000.0,2018-04-30T12:49:54.870000Z
335,1.20854,1.20858,2700000.0477,1570000.0525,2018-04-30T12:49:55.387000Z
336,1.20854,1.20856,1470000.0286,1500000.0,2018-04-30T12:49:56.062000Z
337,1.2085100000000002,1.20855,1320000.0525,4570000.1717,2018-04-30T12:49:56.218000Z
338,1.20849,1.20854,4010000.2289,5739999.7711,2018-04-30T12:49:56.719000Z
339,1.2085000000000001,1.20852,1009999.9905,2250000.0,2018-04-30T12:49:56.873000Z
340,1.2085000000000001,1.20854,1570000.0525,7610000.1335,2018-04-30T12:49:57.077000Z
341,1.20849,1.2085299999999999,4760000.2289,3750000.0,2018-04-30T12:49:57.638000Z
342,1.20849,1.20854,3450000.0477,3640000.1049,2018-04-30T12:49:58.140000Z
343,1.20849,1.2085299999999999,5510000.2289,2250000.0,2018-04-30T12:49:58.641000Z
344,1.2085000000000001,1.20854,1009999.9905,5510000.2289,2018-04-30T12:49:59.185000Z
345,1.2085000000000001,1.2085299999999999,1009999.9905,3750000.0,2018-04-30T12:49:59.771000Z
346,1.2085000000000001,1.20854,1950000.0477,4760000.2289,2018-04-30T12:50:00.336000Z
347,1.2085000000000001,1.2085299999999999,2700000.0477,1000000.0,2018-04-30T12:50:01.010000Z
348,1.2085000000000001,1.20854,1950000.0477,1100000.0238,2018-04-30T12:50:01.513000Z
349,1.2085000000000001,1.2085299999999999,3450000.0477,1000000.0,2018-04-30T12:50:02.329000Z
350,1.2085000000000001,1.20854,3700000.0477,1759999.9905,2018-04-30T12:50:02.862000Z
351,1.2085000000000001,1.20855,11359999.6567,1200000.0477,2018-04-30T12:50:03.143000Z
352,1.2085100000000002,1.20856,11439999.5804,2319999.9332,2018-04-30T12:50:03.659000Z
353,1.2085299999999999,1.20856,2809999.9428,1570000.0525,2018-04-30T12:50:04.396000Z
354,1.20855,1.2085700000000001,6969999.7902,1200000.0477,2018-04-30T12:50:04.812000Z
355,1.20856,1.20859,3750000.0,1009999.9905,2018-04-30T12:50:04.866000Z
356,1.2085700000000001,1.2086100000000002,8500000.0,3069999.9332,2018-04-30T12:50:04.981000Z
357,1.2086000000000001,1.20863,2440000.0572,1950000.0477,2018-04-30T12:50:05.034000Z
358,1.2086000000000001,1.20863,8319999.6948,1000000.0,2018-04-30T12:50:05.138000Z
359,1.2086000000000001,1.20865,16010000.2289,1100000.0238,2018-04-30T12:50:05.190000Z
360,1.2086100000000002,1.2086700000000001,1690000.0572,7010000.2289,2018-04-30T12:50:05.701000Z
361,1.2086100000000002,1.20865,1759999.9905,1200000.0477,2018-04-30T12:50:05.753000Z
362,1.2086100000000002,1.20866,6070000.1717,1100000.0238,2018-04-30T12:50:06.351000Z
363,1.2086100000000002,1.20864,4199999.8093,1000000.0,2018-04-30T12:50:06.404000Z
364,1.2086000000000001,1.20862,1009999.9905,1000000.0,2018-04-30T12:50:06.748000Z
365,1.20858,1.2086000000000001,1320000.0525,1000000.0,2018-04-30T12:50:06.800000Z
366,1.20855,1.2086000000000001,5510000.2289,1950000.0477,2018-04-30T12:50:07.115000Z
367,1.20854,1.20859,2740000.0095,8319999.6948,2018-04-30T12:50:07.220000Z
368,1.2085000000000001,1.20855,4010000.2289,7949999.8093,2018-04-30T12:50:07.526000Z
369,1.2085299999999999,1.2085700000000001,6820000.1717,2549999.9523,2018-04-30T12:50:07.578000Z
370,1.20855,1.2085700000000001,1190000.0572,1000000.0,2018-04-30T12:50:07.733000Z
371,1.20854,1.20858,2700000.0477,1100000.0238,2018-04-30T12:50:07.835000Z
372,1.20855,1.2085700000000001,1000000.0,1000000.0,2018-04-30T12:50:08.395000Z
373,1.20852,1.20856,3859999.8951,1000000.0,2018-04-30T12:50:08.604000Z
374,1.20852,1.2085700000000001,2890000.1049,2700000.0477,2018-04-30T12:50:09.119000Z
375,1.20855,1.20856,1000000.0,1000000.0,2018-04-30T12:50:09.660000Z
376,1.20852,1.20856,4199999.8093,1100000.0238,2018-04-30T12:50:10.172000Z
377,1.20852,1.20855,4199999.8093,1000000.0,2018-04-30T12:50:10.680000Z
378,1.20852,1.2085700000000001,3259999.9905,3670000.0763,2018-04-30T12:50:11.280000Z
379,1.2085299999999999,1.20858,2890000.1049,4199999.8093,2018-04-30T12:50:12.180000Z
380,1.20854,1.20859,4000000.0,3640000.1049,2018-04-30T12:50:13.424000Z
381,1.20855,1.20859,1570000.0525,2319999.9332,2018-04-30T12:50:13.477000Z
382,1.20854,1.20856,1250000.0,1950000.0477,2018-04-30T12:50:14.430000Z
383,1.2085000000000001,1.20854,3069999.9332,12970000.267,2018-04-30T12:50:14.482000Z
384,1.20848,1.2085000000000001,1370000.0048,1539999.9619,2018-04-30T12:50:14.535000Z
385,1.2084700000000002,1.2085000000000001,1000000.0,2700000.0477,2018-04-30T12:50:14.599000Z
386,1.2084700000000002,1.2085000000000001,2440000.0572,2140000.1049,2018-04-30T12:50:14.650000Z
387,1.20849,1.2085000000000001,1000000.0,1000000.0,2018-04-30T12:50:14.702000Z
388,1.20846,1.2085100000000002,2700000.0477,6260000.2289,2018-04-30T12:50:14.754000Z
389,1.20845,1.20848,2140000.1049,1200000.0477,2018-04-30T12:50:15.279000Z
390,1.20845,1.20849,1690000.0572,9640000.3433,2018-04-30T12:50:15.789000Z
391,1.20845,1.20848,1690000.0572,3259999.9905,2018-04-30T12:50:16.332000Z
392,1.20845,1.20849,3000000.0,1389999.9857,2018-04-30T12:50:16.435000Z
393,1.20845,1.20849,2890000.1049,1200000.0477,2018-04-30T12:50:16.999000Z
394,1.2084700000000002,1.20849,1000000.0,1200000.0477,2018-04-30T12:50:17.504000Z
395,1.20846,1.2085000000000001,2809999.9428,6260000.2289,2018-04-30T12:50:18.018000Z
396,1.20846,1.2085000000000001,3640000.1049,4010000.2289,2018-04-30T12:50:19.606000Z
397,1.20849,1.2085100000000002,1000000.0,1639999.9857,2018-04-30T12:50:19.761000Z
398,1.20855,1.20858,1389999.9857,1289999.9619,2018-04-30T12:50:20.059000Z
399,1.20856,1.20859,1100000.0238,3190000.0572,2018-04-30T12:50:20.161000Z
400,1.20856,1.2086000000000001,1200000.0477,1259999.9905,2018-04-30T12:50:20.709000Z
401,1.20855,1.2085700000000001,1570000.0525,1000000.0,2018-04-30T12:50:20.864000Z
402,1.20855,1.20858,1100000.0238,4349999.9046,2018-04-30T12:50:20.916000Z
403,1.20852,1.20858,1759999.9905,10989999.7711,2018-04-30T12:50:21.021000Z
404,1.20855,1.2085700000000001,1000000.0,1200000.0477,2018-04-30T12:50:21.229000Z
405,1.2085299999999999,1.2085700000000001,1759999.9905,1389999.9857,2018-04-30T12:50:21.763000Z
406,1.20854,1.2085700000000001,1759999.9905,1389999.9857,2018-04-30T12:50:22.541000Z
407,1.2085299999999999,1.2085700000000001,3259999.9905,1009999.9905,2018-04-30T12:50:22.814000Z
408,1.20854,1.2085700000000001,1500000.0,1100000.0238,2018-04-30T12:50:23.326000Z
409,1.20854,1.20858,2140000.1049,1759999.9905,2018-04-30T12:50:23.903000Z
410,1.20856,1.20859,1000000.0,4010000.2289,2018-04-30T12:50:25.053000Z
411,1.20856,1.20859,1000000.0,7389999.8665,2018-04-30T12:50:25.576000Z
412,1.20855,1.20859,1000000.0,1759999.9905,2018-04-30T12:50:26.090000Z
413,1.20856,1.20858,1000000.0,1200000.0477,2018-04-30T12:50:26.626000Z
414,1.20854,1.20859,2700000.0477,8180000.3052,2018-04-30T12:50:27.330000Z
415,1.20854,1.20858,3369999.8856,5170000.0763,2018-04-30T12:50:27.862000Z
416,1.20852,1.20854,1950000.0477,3000000.0,2018-04-30T12:50:28.311000Z
417,1.2085100000000002,1.2085299999999999,1000000.0,1000000.0,2018-04-30T12:50:28.425000Z
418,1.2085000000000001,1.2085299999999999,3450000.0477,3750000.0,2018-04-30T12:50:28.936000Z
419,1.20852,1.2085299999999999,1000000.0,1000000.0,2018-04-30T12:50:29.349000Z
420,1.20852,1.20855,1500000.0,1100000.0238,2018-04-30T12:50:29.746000Z
421,1.20852,1.20854,2250000.0,1200000.0477,2018-04-30T12:50:29.849000Z
422,1.2085000000000001,1.20854,1950000.0477,1100000.0238,2018-04-30T12:50:30.004000Z
423,1.20849,1.20852,2700000.0477,6070000.1717,2018-04-30T12:50:30.364000Z
424,1.2084700000000002,1.2085100000000002,9449999.8093,1200000.0477,2018-04-30T12:50:30.673000Z
425,1.2085000000000001,1.20852,1000000.0,4199999.8093,2018-04-30T12:50:30.725000Z
426,1.20849,1.20854,2250000.0,9109999.6567,2018-04-30T12:50:30.777000Z
427,1.2085000000000001,1.2085299999999999,1000000.0,1799999.9523,2018-04-30T12:50:31.608000Z
428,1.20848,1.2085299999999999,1950000.0477,4579999.9237,2018-04-30T12:50:32.044000Z
429,1.20849,1.2085299999999999,1100000.0238,6449999.8093,2018-04-30T12:50:32.547000Z
430,1.20848,1.20852,2890000.1049,5320000.1717,2018-04-30T12:50:33.054000Z
431,1.20848,1.20852,1570000.0525,2319999.9332,2018-04-30T12:50:33.578000Z
432,1.20848,1.20852,1389999.9857,4949999.8093,2018-04-30T12:50:34.102000Z
433,1.20848,1.20852,1200000.0477,4800000.1907,2018-04-30T12:50:34.534000Z
434,1.20848,1.20852,1200000.0477,2170000.0763,2018-04-30T12:50:34.638000Z
435,1.20838,1.20841,2509999.9905,1000000.0,2018-04-30T12:50:35.011000Z
436,1.2083700000000002,1.2084000000000001,1690000.0572,1570000.0525,2018-04-30T12:50:35.119000Z
437,1.20838,1.2084000000000001,1000000.0,1009999.9905,2018-04-30T12:50:35.800000Z
438,1.20835,1.2084000000000001,4570000.1717,1389999.9857,2018-04-30T12:50:35.955000Z
439,1.20836,1.20841,1200000.0477,8359999.6567,2018-04-30T12:50:36.476000Z
440,1.20838,1.20841,2250000.0,3819999.9332,2018-04-30T12:50:37.004000Z
441,1.20838,1.20842,4869999.8856,1990000.0095,2018-04-30T12:50:37.263000Z
442,1.20839,1.20843,8439999.5804,1070000.0525,2018-04-30T12:50:37.367000Z
443,1.20841,1.20844,1250000.0,1100000.0238,2018-04-30T12:50:37.611000Z
444,1.2084000000000001,1.20845,1200000.0477,4760000.2289,2018-04-30T12:50:38.127000Z
445,1.20841,1.20845,1190000.0572,4199999.8093,2018-04-30T12:50:38.517000Z
446,1.20844,1.2084700000000002,1500000.0,1100000.0238,2018-04-30T12:50:38.683000Z
447,1.20844,1.2084700000000002,1000000.0,2700000.0477,2018-04-30T12:50:38.893000Z
448,1.20842,1.2084700000000002,2700000.0477,1700000.0477,2018-04-30T12:50:39.408000Z
449,1.20842,1.2084700000000002,4010000.2289,1200000.0477,2018-04-30T12:50:39.921000Z
450,1.20844,1.2084700000000002,1570000.0525,1200000.0477,2018-04-30T12:50:40.641000Z
451,1.20843,1.20848,1120000.0048,7010000.2289,2018-04-30T12:50:41.147000Z
452,1.20842,1.20846,1000000.0,1570000.0525,2018-04-30T12:50:41.888000Z
453,1.20842,1.20844,1000000.0,1000000.0,2018-04-30T12:50:44.710000Z
454,1.20839,1.20844,6070000.1717,2700000.0477,2018-04-30T12:50:44.894000Z
455,1.2084000000000001,1.20844,1009999.9905,1100000.0238,2018-04-30T12:50:45.430000Z
456,1.2084000000000001,1.20844,2319999.9332,3640000.1049,2018-04-30T12:50:45.806000Z
457,1.20839,1.20844,1759999.9905,4050000.1907,2018-04-30T12:50:45.910000Z
458,1.20839,1.20844,2700000.0477,7380000.1144,2018-04-30T12:50:46.440000Z
459,1.2084000000000001,1.20844,1000000.0,2970000.0286,2018-04-30T12:50:47.495000Z
460,1.20839,1.20844,6449999.8093,2410000.0858,2018-04-30T12:50:48.011000Z
461,1.20841,1.20844,1000000.0,4659999.8474,2018-04-30T12:50:48.364000Z
462,1.20839,1.20844,1200000.0477,4099999.9046,2018-04-30T12:50:48.547000Z
463,1.2084000000000001,1.20843,1500000.0,1100000.0238,2018-04-30T12:50:51.340000Z
464,1.20838,1.20843,4570000.1717,4949999.8093,2018-04-30T12:50:53.545000Z
465,1.20838,1.20841,1200000.0477,5469999.7902,2018-04-30T12:50:53.599000Z
466,1.20835,1.2084000000000001,1570000.0525,4010000.2289,2018-04-30T12:50:53.704000Z
467,1.20834,1.20839,1200000.0477,1570000.0525,2018-04-30T12:50:54.358000Z
468,1.20835,1.20839,5250000.0,3299999.9523,2018-04-30T12:50:54.929000Z
469,1.20836,1.20839,1000000.0,2700000.0477,2018-04-30T12:50:55.709000Z
470,1.20835,1.2084000000000001,6639999.8665,1389999.9857,2018-04-30T12:50:56.338000Z
471,1.20836,1.2084000000000001,1000000.0,5510000.2289,2018-04-30T12:50:57.642000Z
472,1.20835,1.2084000000000001,1200000.0477,6639999.8665,2018-04-30T12:50:58.385000Z
473,1.20835,1.2084000000000001,2140000.1049,3640000.1049,2018-04-30T12:50:59.498000Z
474,1.20834,1.2083700000000002,2319999.9332,1870000.0048,2018-04-30T12:50:59.756000Z
475,1.20833,1.20839,6639999.8665,5510000.2289,2018-04-30T12:51:00.265000Z
476,1.20833,1.2083700000000002,1470000.0286,1570000.0525,2018-04-30T12:51:00.778000Z
477,1.20834,1.20838,1200000.0477,1950000.0477,2018-04-30T12:51:01.298000Z
478,1.20833,1.20838,4199999.8093,1570000.0525,2018-04-30T12:51:03.337000Z
479,1.20835,1.20838,1000000.0,1570000.0525,2018-04-30T12:51:04.060000Z
480,1.20834,1.20838,2059999.9428,1570000.0525,2018-04-30T12:51:04.831000Z
481,1.20835,1.20839,2440000.0572,2509999.9905,2018-04-30T12:51:05.172000Z
482,1.20834,1.20839,3069999.9332,1759999.9905,2018-04-30T12:51:05.724000Z
483,1.20835,1.20839,6000000.0,1759999.9905,2018-04-30T12:51:06.266000Z
484,1.20834,1.20839,4010000.2289,6260000.2289,2018-04-30T12:51:06.370000Z
485,1.20833,1.20838,1570000.0525,3670000.0763,2018-04-30T12:51:06.473000Z
486,1.20833,1.20836,1120000.0048,1100000.0238,2018-04-30T12:51:07.007000Z
487,1.20832,1.20834,1000000.0,1000000.0,2018-04-30T12:51:07.388000Z
488,1.20834,1.2083700000000002,1120000.0048,1389999.9857,2018-04-30T12:51:07.732000Z
489,1.20834,1.20838,1120000.0048,1570000.0525,2018-04-30T12:51:08.273000Z
490,1.20835,1.20838,1000000.0,3069999.9332,2018-04-30T12:51:09.006000Z
491,1.20833,1.20838,7949999.8093,3440000.0572,2018-04-30T12:51:09.519000Z
492,1.20835,1.20838,1000000.0,2319999.9332,2018-04-30T12:51:10.545000Z
493,1.20834,1.20838,1309999.9428,1570000.0525,2018-04-30T12:51:11.218000Z
494,1.20835,1.20838,1000000.0,1759999.9905,2018-04-30T12:51:11.747000Z
495,1.20836,1.20838,1000000.0,1100000.0238,2018-04-30T12:51:13.451000Z
496,1.20835,1.20838,1500000.0,1100000.0238,2018-04-30T12:51:13.989000Z
497,1.20836,1.2084000000000001,1000000.0,2890000.1049,2018-04-30T12:51:14.513000Z
498,1.20836,1.20839,1000000.0,2880000.1144,2018-04-30T12:51:15.029000Z
499,1.20834,1.2083700000000002,3450000.0477,1000000.0,2018-04-30T12:51:19.549000Z
500,1.20832,1.20835,1000000.0,1950000.0477,2018-04-30T12:51:19.759000Z
501,1.20832,1.20836,1309999.9428,1389999.9857,2018-04-30T12:51:20.274000Z
502,1.20831,1.20835,1950000.0477,1950000.0477,2018-04-30T12:51:20.800000Z
503,1.20831,1.20834,1200000.0477,1000000.0,2018-04-30T12:51:21.347000Z
504,1.20831,1.20835,1200000.0477,5550000.1907,2018-04-30T12:51:22.326000Z
505,1.20831,1.20835,1200000.0477,4420000.0763,2018-04-30T12:51:22.839000Z
506,1.20831,1.20835,4760000.2289,3670000.0763,2018-04-30T12:51:26.401000Z
507,1.2083000000000002,1.20835,2509999.9905,8699999.8093,2018-04-30T12:51:41.870000Z
508,1.20831,1.20834,1009999.9905,1000000.0,2018-04-30T12:51:45.669000Z
509,1.20832,1.20834,1000000.0,1000000.0,2018-04-30T12:51:46.197000Z
510,1.20831,1.20834,1009999.9905,1000000.0,2018-04-30T12:51:46.724000Z
511,1.20832,1.20834,1000000.0,1500000.0,2018-04-30T12:51:47.637000Z
512,1.2083000000000002,1.20833,2319999.9332,1000000.0,2018-04-30T12:51:48.162000Z
513,1.2083000000000002,1.20834,2319999.9332,1100000.0238,2018-04-30T12:51:48.688000Z
514,1.20831,1.20834,1000000.0,1570000.0525,2018-04-30T12:51:49.474000Z
515,1.2083000000000002,1.20834,2509999.9905,1100000.0238,2018-04-30T12:51:50.093000Z
516,1.20832,1.20834,1000000.0,1570000.0525,2018-04-30T12:51:50.145000Z
517,1.20831,1.20834,1000000.0,1100000.0238,2018-04-30T12:51:50.674000Z
518,1.20832,1.20834,1000000.0,1570000.0525,2018-04-30T12:51:51.335000Z
519,1.20831,1.20834,1000000.0,1100000.0238,2018-04-30T12:51:51.919000Z
520,1.20833,1.20834,1000000.0,1500000.0,2018-04-30T12:51:52.292000Z
521,1.20832,1.20834,1000000.0,1759999.9905,2018-04-30T12:51:52.909000Z
522,1.20832,1.20834,1000000.0,1570000.0525,2018-04-30T12:51:54.170000Z
523,1.20831,1.20834,1690000.0572,1100000.0238,2018-04-30T12:51:54.328000Z
524,1.20832,1.20834,1000000.0,1950000.0477,2018-04-30T12:51:54.993000Z
525,1.2083000000000002,1.20834,2140000.1049,1200000.0477,2018-04-30T12:51:55.248000Z
526,1.20831,1.20834,1000000.0,2319999.9332,2018-04-30T12:51:55.957000Z
527,1.20832,1.20834,1000000.0,2890000.1049,2018-04-30T12:51:59.128000Z
528,1.20831,1.20834,1250000.0,2140000.1049,2018-04-30T12:51:59.823000Z
529,1.2083000000000002,1.20834,2890000.1049,1200000.0477,2018-04-30T12:52:00.355000Z
530,1.20831,1.20834,1000000.0,2319999.9332,2018-04-30T12:52:01.148000Z
531,1.2083000000000002,1.20834,3640000.1049,2319999.9332,2018-04-30T12:52:01.674000Z
532,1.20831,1.20834,1000000.0,3069999.9332,2018-04-30T12:52:02.387000Z
533,1.2083000000000002,1.20834,3640000.1049,1950000.0477,2018-04-30T12:52:02.930000Z
534,1.20831,1.20834,1000000.0,1200000.0477,2018-04-30T12:52:03.630000Z
535,1.20832,1.20834,1000000.0,1950000.0477,2018-04-30T12:52:04.167000Z
536,1.20831,1.20834,1000000.0,1200000.0477,2018-04-30T12:52:04.673000Z
537,1.20832,1.20834,1000000.0,1950000.0477,2018-04-30T12:52:05.960000Z
538,1.20831,1.20834,1100000.0238,1120000.0048,2018-04-30T12:52:08.275000Z
539,1.20834,1.20836,2099999.9046,1320000.0525,2018-04-30T12:52:08.800000Z
540,1.20835,1.20839,5320000.1717,2140000.1049,2018-04-30T12:52:08.967000Z
541,1.20836,1.20839,1190000.0572,1200000.0477,2018-04-30T12:52:09.020000Z
542,1.2083700000000002,1.2084000000000001,3190000.0572,1009999.9905,2018-04-30T12:52:09.126000Z
543,1.2084000000000001,1.20842,1000000.0,1250000.0,2018-04-30T12:52:09.182000Z
544,1.2083700000000002,1.20841,3819999.9332,2509999.9905,2018-04-30T12:52:09.287000Z
545,1.20836,1.20841,1950000.0477,6079999.9237,2018-04-30T12:52:09.442000Z
546,1.20836,1.2084000000000001,1000000.0,2140000.1049,2018-04-30T12:52:09.952000Z
547,1.20835,1.20839,3819999.9332,1200000.0477,2018-04-30T12:52:10.547000Z
548,1.20833,1.2083700000000002,1000000.0,6300000.1907,2018-04-30T12:52:10.905000Z
549,1.20832,1.20836,4199999.8093,1149999.9762,2018-04-30T12:52:11.452000Z
550,1.20832,1.2083700000000002,3450000.0477,5139999.8665,2018-04-30T12:52:12.186000Z
551,1.20832,1.2083700000000002,3640000.1049,7389999.8665,2018-04-30T12:52:13.334000Z
552,1.20832,1.2083700000000002,7949999.8093,5320000.1717,2018-04-30T12:52:13.839000Z
553,1.20833,1.20836,1000000.0,1289999.9619,2018-04-30T12:52:14.460000Z
554,1.20832,1.2083700000000002,4800000.1907,10989999.7711,2018-04-30T12:52:15.130000Z
555,1.20833,1.20836,1000000.0,1289999.9619,2018-04-30T12:52:15.668000Z
556,1.20832,1.2083700000000002,2549999.9523,7050000.1907,2018-04-30T12:52:16.178000Z
557,1.20831,1.20835,4949999.8093,2140000.1049,2018-04-30T12:52:16.691000Z
558,1.20832,1.20835,3000000.0,2140000.1049,2018-04-30T12:52:21.531000Z
559,1.20831,1.20836,3450000.0477,6260000.2289,2018-04-30T12:52:22.864000Z
560,1.20833,1.20835,1000000.0,1100000.0238,2018-04-30T12:52:23.233000Z
561,1.20834,1.20836,1000000.0,1950000.0477,2018-04-30T12:52:26.663000Z
562,1.20833,1.2083700000000002,1009999.9905,4570000.1717,2018-04-30T12:52:27.295000Z
563,1.20834,1.2083700000000002,1000000.0,3859999.8951,2018-04-30T12:52:27.501000Z
564,1.20834,1.20838,5510000.2289,2890000.1049,2018-04-30T12:52:28.043000Z
565,1.20834,1.2083700000000002,1100000.0238,1950000.0477,2018-04-30T12:52:28.303000Z
566,1.20833,1.2083700000000002,1570000.0525,4239999.7711,2018-04-30T12:52:28.815000Z
567,1.20833,1.20835,1570000.0525,1000000.0,2018-04-30T12:52:29.399000Z
568,1.20833,1.20836,1100000.0238,1909999.9666,2018-04-30T12:52:29.930000Z
569,1.20832,1.20836,4050000.1907,1149999.9762,2018-04-30T12:52:30.838000Z
570,1.20833,1.20835,1000000.0,1500000.0,2018-04-30T12:52:31.348000Z
571,1.20832,1.2083700000000002,3450000.0477,4239999.7711,2018-04-30T12:52:32.030000Z
572,1.20834,1.2083700000000002,4570000.1717,1389999.9857,2018-04-30T12:52:32.338000Z
573,1.20835,1.2083700000000002,2250000.0,2509999.9905,2018-04-30T12:52:32.870000Z
574,1.20835,1.20836,2250000.0,1000000.0,2018-04-30T12:52:33.408000Z
575,1.20834,1.2083700000000002,3259999.9905,1009999.9905,2018-04-30T12:52:34.058000Z
576,1.20834,1.20836,1120000.0048,3369999.8856,2018-04-30T12:52:34.719000Z
577,1.20831,1.20835,2319999.9332,6489999.7711,2018-04-30T12:52:35.030000Z
578,1.2083000000000002,1.20835,4760000.2289,2549999.9523,2018-04-30T12:52:35.709000Z
579,1.2083000000000002,1.20834,2319999.9332,3259999.9905,2018-04-30T12:52:37.374000Z
580,1.2083000000000002,1.20834,1570000.0525,1759999.9905,2018-04-30T12:52:37.477000Z
581,1.2083000000000002,1.20834,1570000.0525,3859999.8951,2018-04-30T12:52:37.582000Z
582,1.2083000000000002,1.20834,1570000.0525,5739999.7711,2018-04-30T12:52:37.788000Z
583,1.2083000000000002,1.20833,1570000.0525,1000000.0,2018-04-30T12:52:38.310000Z
584,1.2083000000000002,1.20834,1570000.0525,1149999.9762,2018-04-30T12:52:39.016000Z
585,1.20831,1.20834,1000000.0,1149999.9762,2018-04-30T12:52:39.843000Z
586,1.20831,1.20835,1190000.0572,5139999.8665,2018-04-30T12:52:41.546000Z
587,1.20831,1.20835,1250000.0,7389999.8665,2018-04-30T12:52:42.497000Z
588,1.20832,1.20834,1000000.0,1100000.0238,2018-04-30T12:52:44.657000Z
589,1.20831,1.20835,1690000.0572,7010000.2289,2018-04-30T12:52:45.190000Z
590,1.20831,1.20834,1690000.0572,1100000.0238,2018-04-30T12:52:45.729000Z
591,1.20831,1.20835,1250000.0,7389999.8665,2018-04-30T12:52:46.255000Z
592,1.20831,1.20832,1000000.0,1000000.0,2018-04-30T12:52:46.722000Z
593,1.20829,1.20832,1200000.0477,1500000.0,2018-04-30T12:52:46.775000Z
594,1.2082600000000001,1.2083000000000002,1200000.0477,2890000.1049,2018-04-30T12:52:46.934000Z
595,1.2082600000000001,1.2083000000000002,1009999.9905,1759999.9905,2018-04-30T12:52:47.462000Z
596,1.2082600000000001,1.2083000000000002,1250000.0,7239999.7711,2018-04-30T12:52:47.976000Z
597,1.20825,1.20828,7570000.1717,1000000.0,2018-04-30T12:52:48.499000Z
598,1.20825,1.2082600000000001,2319999.9332,1000000.0,2018-04-30T12:52:48.913000Z
599,1.20822,1.20825,1009999.9905,1570000.0525,2018-04-30T12:52:49.070000Z
600,1.20823,1.20825,1000000.0,3069999.9332,2018-04-30T12:52:49.606000Z
601,1.20822,1.20825,1100000.0238,2319999.9332,2018-04-30T12:52:50.212000Z
602,1.20822,1.2082600000000001,7199999.8093,6260000.2289,2018-04-30T12:52:50.956000Z
603,1.20824,1.2082700000000002,1000000.0,7010000.2289,2018-04-30T12:52:51.638000Z
604,1.20823,1.2082700000000002,1009999.9905,2509999.9905,2018-04-30T12:52:52.185000Z
605,1.20824,1.2082700000000002,2440000.0572,1100000.0238,2018-04-30T12:52:52.442000Z
606,1.20825,1.20828,1000000.0,4570000.1717,2018-04-30T12:52:53.792000Z
607,1.20824,1.20828,3259999.9905,1759999.9905,2018-04-30T12:52:54.434000Z
608,1.20825,1.20828,3190000.0572,3640000.1049,2018-04-30T12:52:55.085000Z
609,1.20825,1.20829,1570000.0525,9300000.1907,2018-04-30T12:52:55.602000Z
610,1.20825,1.20829,4010000.2289,3259999.9905,2018-04-30T12:52:56.121000Z
611,1.2082600000000001,1.20829,1250000.0,4610000.1335,2018-04-30T12:52:56.225000Z
612,1.2082600000000001,1.20828,1000000.0,1250000.0,2018-04-30T12:52:57.026000Z
613,1.2082700000000002,1.2083000000000002,1000000.0,1100000.0238,2018-04-30T12:52:58.272000Z
614,1.2082600000000001,1.2083000000000002,6449999.8093,1389999.9857,2018-04-30T12:52:58.797000Z
615,1.2082700000000002,1.20831,7760000.2289,1389999.9857,2018-04-30T12:52:58.902000Z
616,1.2083000000000002,1.20832,1000000.0,7130000.1144,2018-04-30T12:52:59.208000Z
617,1.20829,1.20832,1000000.0,5889999.8665,2018-04-30T12:52:59.742000Z
618,1.20829,1.2083000000000002,1000000.0,1250000.0,2018-04-30T12:53:00.286000Z
619,1.2082700000000002,1.2083000000000002,1500000.0,3259999.9905,2018-04-30T12:53:00.553000Z
620,1.2082600000000001,1.20829,1000000.0,1009999.9905,2018-04-30T12:53:01.085000Z
621,1.20824,1.2082600000000001,1950000.0477,1000000.0,2018-04-30T12:53:01.456000Z
622,1.20822,1.2082600000000001,2700000.0477,9819999.6948,2018-04-30T12:53:01.510000Z
623,1.20822,1.20824,1000000.0,3000000.0,2018-04-30T12:53:02.023000Z
624,1.20821,1.20825,1000000.0,1759999.9905,2018-04-30T12:53:02.564000Z
625,1.2082000000000002,1.20823,3819999.9332,2440000.0572,2018-04-30T12:53:03.079000Z
626,1.2082000000000002,1.20824,3069999.9332,4570000.1717,2018-04-30T12:53:03.629000Z
627,1.2082000000000002,1.20824,2319999.9332,2400000.0954,2018-04-30T12:53:05.435000Z
628,1.2082000000000002,1.20824,2250000.0,2890000.1049,2018-04-30T12:53:06.126000Z
629,1.2082000000000002,1.20824,1100000.0238,2140000.1049,2018-04-30T12:53:07.533000Z
630,1.20821,1.20825,1250000.0,5510000.2289,2018-04-30T12:53:08.664000Z
631,1.2082000000000002,1.20825,2319999.9332,7010000.2289,2018-04-30T12:53:09.549000Z
632,1.20821,1.20824,1000000.0,1200000.0477,2018-04-30T12:53:10.148000Z
633,1.2082000000000002,1.20825,2319999.9332,4760000.2289,2018-04-30T12:53:11.184000Z
634,1.20821,1.20824,1000000.0,1570000.0525,2018-04-30T12:53:11.731000Z
635,1.2082000000000002,1.20824,3069999.9332,1759999.9905,2018-04-30T12:53:12.925000Z
636,1.2082000000000002,1.20822,1000000.0,1000000.0,2018-04-30T12:53:13.185000Z
637,1.2081600000000001,1.2082000000000002,2700000.0477,1200000.0477,2018-04-30T12:53:13.291000Z
638,1.20818,1.2082000000000002,2250000.0,2319999.9332,2018-04-30T12:53:13.343000Z
639,1.2082000000000002,1.20823,5250000.0,1009999.9905,2018-04-30T12:53:13.667000Z
640,1.2082000000000002,1.20823,1100000.0238,1200000.0477,2018-04-30T12:53:14.215000Z
641,1.20821,1.20822,1000000.0,1000000.0,2018-04-30T12:53:14.894000Z
642,1.2082000000000002,1.20823,1500000.0,3420000.0763,2018-04-30T12:53:15.397000Z
643,1.2082000000000002,1.20822,1000000.0,1000000.0,2018-04-30T12:53:15.947000Z
644,1.2082000000000002,1.20823,1000000.0,2319999.9332,2018-04-30T12:53:16.483000Z
645,1.20821,1.20823,1690000.0572,1570000.0525,2018-04-30T12:53:17.104000Z
646,1.20821,1.20824,2250000.0,1990000.0095,2018-04-30T12:53:17.622000Z
647,1.20821,1.20823,1500000.0,1000000.0,2018-04-30T12:53:18.599000Z
648,1.20821,1.20824,1000000.0,1570000.0525,2018-04-30T12:53:19.112000Z
649,1.2082000000000002,1.20824,1570000.0525,2140000.1049,2018-04-30T12:53:19.613000Z
650,1.2082000000000002,1.20823,1100000.0238,2319999.9332,2018-04-30T12:53:19.768000Z
651,1.20819,1.20823,1570000.0525,1200000.0477,2018-04-30T12:53:21.156000Z
652,1.2081700000000002,1.2082000000000002,2140000.1049,1009999.9905,2018-04-30T12:53:21.465000Z
653,1.2081700000000002,1.20822,3640000.1049,4199999.8093,2018-04-30T12:53:22.215000Z
654,1.2081700000000002,1.20821,2700000.0477,3259999.9905,2018-04-30T12:53:24.318000Z
655,1.2081600000000001,1.20821,2700000.0477,4760000.2289,2018-04-30T12:53:25.964000Z
656,1.2081700000000002,1.2082000000000002,1389999.9857,1009999.9905,2018-04-30T12:53:28.501000Z
657,1.2081700000000002,1.20821,2250000.0,5139999.8665,2018-04-30T12:53:29.022000Z
658,1.20818,1.20821,2809999.9428,2140000.1049,2018-04-30T12:53:31.735000Z
659,1.20818,1.20822,1100000.0238,2890000.1049,2018-04-30T12:53:32.270000Z
660,1.20818,1.20822,1570000.0525,4190000.0572,2018-04-30T12:53:32.372000Z
661,1.2082000000000002,1.20822,1000000.0,1950000.0477,2018-04-30T12:53:32.899000Z
662,1.20819,1.20823,1500000.0,6260000.2289,2018-04-30T12:53:33.427000Z
663,1.20818,1.20821,1100000.0238,1309999.9428,2018-04-30T12:53:34.583000Z
664,1.2081700000000002,1.20819,1759999.9905,2619999.8856,2018-04-30T12:53:34.902000Z
665,1.2081,1.20812,1759999.9905,1000000.0,2018-04-30T12:53:35.007000Z
666,1.20808,1.20809,3519999.9809,1350000.0238,2018-04-30T12:53:35.524000Z
667,1.2080700000000002,1.20809,1870000.0048,1500000.0,2018-04-30T12:53:35.578000Z
668,1.2080600000000001,1.20809,1000000.0,2319999.9332,2018-04-30T12:53:35.778000Z
669,1.20803,1.20805,1649999.9762,1120000.0048,2018-04-30T12:53:36.094000Z
670,1.20801,1.20803,1570000.0525,1100000.0238,2018-04-30T12:53:36.146000Z
671,1.208,1.20804,1009999.9905,1200000.0477,2018-04-30T12:53:36.671000Z
672,1.208,1.20805,7800000.1907,1950000.0477,2018-04-30T12:53:36.928000Z
673,1.20803,1.20808,4010000.2289,4760000.2289,2018-04-30T12:53:37.227000Z
674,1.20803,1.20805,3069999.9332,1000000.0,2018-04-30T12:53:37.330000Z
675,1.20811,1.20813,2059999.9428,1250000.0,2018-04-30T12:53:37.641000Z
676,1.20812,1.20815,1000000.0,1200000.0477,2018-04-30T12:53:37.914000Z
677,1.20811,1.20813,1950000.0477,1500000.0,2018-04-30T12:53:38.377000Z
678,1.20808,1.20813,3069999.9332,5170000.0763,2018-04-30T12:53:38.481000Z
679,1.2080600000000001,1.2080700000000002,2250000.0,1200000.0477,2018-04-30T12:53:38.931000Z
680,1.2079900000000001,1.20804,2319999.9332,3259999.9905,2018-04-30T12:53:39.146000Z
681,1.208,1.20803,1759999.9905,1000000.0,2018-04-30T12:53:39.676000Z
682,1.208,1.20804,1009999.9905,2319999.9332,2018-04-30T12:53:40.204000Z
683,1.20801,1.20804,1000000.0,2549999.9523,2018-04-30T12:53:40.720000Z
684,1.20802,1.2080700000000002,5699999.8093,4389999.8665,2018-04-30T12:53:40.876000Z
685,1.20803,1.2080600000000001,2140000.1049,1100000.0238,2018-04-30T12:53:41.467000Z
686,1.20801,1.20804,1450000.0477,1120000.0048,2018-04-30T12:53:41.864000Z
687,1.208,1.20804,1570000.0525,1320000.0525,2018-04-30T12:53:41.915000Z
688,1.20803,1.2080600000000001,1000000.0,1870000.0048,2018-04-30T12:53:42.425000Z
689,1.20803,1.2080600000000001,2250000.0,1200000.0477,2018-04-30T12:53:42.935000Z
690,1.20804,1.2080700000000002,1000000.0,2319999.9332,2018-04-30T12:53:43.467000Z
691,1.20802,1.20805,1000000.0,2700000.0477,2018-04-30T12:53:43.885000Z
692,1.20801,1.20803,1100000.0238,1000000.0,2018-04-30T12:53:44.202000Z
693,1.208,1.20804,4199999.8093,5320000.1717,2018-04-30T12:53:44.739000Z
694,1.208,1.20804,4199999.8093,1100000.0238,2018-04-30T12:53:45.357000Z
695,1.208,1.20804,6449999.8093,2319999.9332,2018-04-30T12:53:45.935000Z
696,1.208,1.20805,6449999.8093,4570000.1717,2018-04-30T12:53:46.605000Z
697,1.20801,1.20804,1200000.0477,1570000.0525,2018-04-30T12:53:47.120000Z
698,1.20802,1.2080600000000001,4199999.8093,2700000.0477,2018-04-30T12:53:47.532000Z
699,1.20802,1.2080700000000002,10199999.8093,3450000.0477,2018-04-30T12:53:47.891000Z
700,1.20803,1.2080700000000002,1870000.0048,1070000.0525,2018-04-30T12:53:48.248000Z
701,1.20804,1.2080700000000002,1000000.0,3069999.9332,2018-04-30T12:53:48.749000Z
702,1.20803,1.2080700000000002,6369999.8856,3069999.9332,2018-04-30T12:53:49.252000Z
703,1.20804,1.20808,1000000.0,10579999.9237,2018-04-30T12:53:50.216000Z
704,1.20804,1.20808,1500000.0,5510000.2289,2018-04-30T12:53:51.013000Z
705,1.2080600000000001,1.20809,1309999.9428,1450000.0477,2018-04-30T12:53:51.065000Z
706,1.2080700000000002,1.2081,1009999.9905,1389999.9857,2018-04-30T12:53:51.119000Z
707,1.20808,1.20811,1759999.9905,1000000.0,2018-04-30T12:53:51.349000Z
708,1.2081,1.20813,1500000.0,3450000.0477,2018-04-30T12:53:51.723000Z
709,1.20812,1.2081600000000001,3069999.9332,1759999.9905,2018-04-30T12:53:51.879000Z
710,1.20815,1.2081700000000002,1000000.0,2809999.9428,2018-04-30T12:53:51.982000Z
711,1.20813,1.2081700000000002,2319999.9332,1100000.0238,2018-04-30T12:53:52.263000Z
712,1.20813,1.20815,1200000.0477,1000000.0,2018-04-30T12:53:52.417000Z
713,1.20811,1.20815,3259999.9905,1100000.0238,2018-04-30T12:53:52.571000Z
714,1.20814,1.2081700000000002,1000000.0,1570000.0525,2018-04-30T12:53:53Z
715,1.20813,1.2081700000000002,2890000.1049,1389999.9857,2018-04-30T12:53:53.360000Z
716,1.20815,1.20818,1000000.0,4940000.0572,2018-04-30T12:53:53.702000Z
717,1.20814,1.20818,1950000.0477,1950000.0477,2018-04-30T12:53:54.241000Z
718,1.20814,1.20818,2140000.1049,2319999.9332,2018-04-30T12:53:54.868000Z
719,1.20813,1.2081700000000002,1570000.0525,2890000.1049,2018-04-30T12:53:55.380000Z
720,1.2081600000000001,1.2081700000000002,1000000.0,1100000.0238,2018-04-30T12:53:55.690000Z
721,1.20814,1.2081700000000002,3259999.9905,1759999.9905,2018-04-30T12:53:56.244000Z
722,1.20814,1.20818,1570000.0525,2140000.1049,2018-04-30T12:53:56.771000Z
723,1.20815,1.2081700000000002,1000000.0,1000000.0,2018-04-30T12:53:57.280000Z
724,1.20815,1.20819,1000000.0,7199999.8093,2018-04-30T12:53:57.797000Z
725,1.20814,1.20818,3450000.0477,5510000.2289,2018-04-30T12:53:58.379000Z
726,1.20814,1.2081700000000002,1000000.0,3069999.9332,2018-04-30T12:53:59.523000Z
727,1.20813,1.20815,3069999.9332,1000000.0,2018-04-30T12:53:59.848000Z
728,1.20814,1.2081700000000002,1000000.0,4389999.8665,2018-04-30T12:53:59.899000Z
729,1.20812,1.20814,1950000.0477,1000000.0,2018-04-30T12:54:00.259000Z
730,1.20813,1.20818,1759999.9905,5739999.7711,2018-04-30T12:54:00.365000Z
731,1.20813,1.20818,3640000.1049,6260000.2289,2018-04-30T12:54:00.898000Z
732,1.20814,1.2081700000000002,1200000.0477,2319999.9332,2018-04-30T12:54:01.405000Z
733,1.2081600000000001,1.20821,1000000.0,2890000.1049,2018-04-30T12:54:02.038000Z
734,1.2081600000000001,1.2082000000000002,1570000.0525,1759999.9905,2018-04-30T12:54:02.192000Z
735,1.20818,1.2082000000000002,1000000.0,1389999.9857,2018-04-30T12:54:02.599000Z
736,1.20818,1.20821,3819999.9332,2250000.0,2018-04-30T12:54:02.701000Z
737,1.2081600000000001,1.20818,1200000.0477,1100000.0238,2018-04-30T12:54:03.141000Z
738,1.2081600000000001,1.2082000000000002,2140000.1049,1200000.0477,2018-04-30T12:54:04.070000Z
739,1.20818,1.20821,1000000.0,7199999.8093,2018-04-30T12:54:05.296000Z
740,1.20818,1.20822,1200000.0477,4800000.1907,2018-04-30T12:54:05.401000Z
741,1.20822,1.20823,1350000.0238,2509999.9905,2018-04-30T12:54:09.249000Z
742,1.20823,1.20825,2319999.9332,1690000.0572,2018-04-30T12:54:09.303000Z
743,1.20823,1.2082600000000001,1100000.0238,1250000.0,2018-04-30T12:54:09.356000Z
744,1.20823,1.2082600000000001,4010000.2289,3000000.0,2018-04-30T12:54:09.575000Z
745,1.20824,1.2082700000000002,1000000.0,2509999.9905,2018-04-30T12:54:09.680000Z
746,1.20823,1.2082700000000002,1100000.0238,2509999.9905,2018-04-30T12:54:10.197000Z
747,1.20822,1.20825,2319999.9332,1000000.0,2018-04-30T12:54:10.621000Z
748,1.20822,1.2082600000000001,3259999.9905,2440000.0572,2018-04-30T12:54:11.280000Z
749,1.20822,1.20824,1200000.0477,1000000.0,2018-04-30T12:54:11.693000Z
750,1.20822,1.20825,1120000.0048,1100000.0238,2018-04-30T12:54:15.515000Z
751,1.20821,1.20825,1570000.0525,2319999.9332,2018-04-30T12:54:16.189000Z
752,1.20821,1.20822,1000000.0,1000000.0,2018-04-30T12:54:16.490000Z
753,1.20821,1.20824,1000000.0,4010000.2289,2018-04-30T12:54:16.747000Z
754,1.20821,1.20822,1000000.0,1000000.0,2018-04-30T12:54:16.902000Z
755,1.20821,1.20824,1000000.0,1759999.9905,2018-04-30T12:54:16.956000Z
756,1.20821,1.20823,1000000.0,1000000.0,2018-04-30T12:54:17.483000Z
757,1.20821,1.20825,1120000.0048,9260000.2289,2018-04-30T12:54:18.044000Z
758,1.20821,1.20824,1389999.9857,1250000.0,2018-04-30T12:54:18.560000Z
759,1.20821,1.20825,2140000.1049,4010000.2289,2018-04-30T12:54:19.242000Z
760,1.20821,1.20824,1389999.9857,1250000.0,2018-04-30T12:54:19.779000Z
761,1.20821,1.20823,1500000.0,1000000.0,2018-04-30T12:54:21.316000Z
762,1.2082000000000002,1.20824,1200000.0477,3259999.9905,2018-04-30T12:54:21.841000Z
763,1.20822,1.20825,1000000.0,6820000.1717,2018-04-30T12:54:22.998000Z
764,1.20821,1.20825,1120000.0048,5889999.8665,2018-04-30T12:54:23.656000Z
765,1.20822,1.20824,1000000.0,1009999.9905,2018-04-30T12:54:24.202000Z
766,1.20821,1.20825,1500000.0,1200000.0477,2018-04-30T12:54:24.744000Z
767,1.20822,1.2082600000000001,1000000.0,7610000.1335,2018-04-30T12:54:25.267000Z
768,1.20822,1.20824,1120000.0048,1500000.0,2018-04-30T12:54:26.822000Z
769,1.2082000000000002,1.20823,1309999.9428,5510000.2289,2018-04-30T12:54:26.996000Z
770,1.20819,1.20821,1100000.0238,2099999.9046,2018-04-30T12:54:27.204000Z
771,1.2081700000000002,1.20821,1000000.0,4010000.2289,2018-04-30T12:54:27.309000Z
772,1.20819,1.20822,1250000.0,4010000.2289,2018-04-30T12:54:27.521000Z
773,1.20819,1.20823,1100000.0238,1100000.0238,2018-04-30T12:54:28.441000Z
774,1.20819,1.20823,2700000.0477,1570000.0525,2018-04-30T12:54:29.435000Z
775,1.20819,1.20823,1389999.9857,1009999.9905,2018-04-30T12:54:29.952000Z
776,1.20821,1.20825,1000000.0,1950000.0477,2018-04-30T12:54:30.277000Z
777,1.20821,1.20825,1100000.0238,2890000.1049,2018-04-30T12:54:30.795000Z
778,1.20821,1.20825,4010000.2289,3640000.1049,2018-04-30T12:54:31.582000Z
779,1.20821,1.20824,1570000.0525,1000000.0,2018-04-30T12:54:32.997000Z
780,1.20823,1.2082600000000001,1250000.0,1009999.9905,2018-04-30T12:54:33.458000Z
781,1.2082600000000001,1.20828,1120000.0048,1120000.0048,2018-04-30T12:54:33.620000Z
782,1.20825,1.2082700000000002,1870000.0048,1000000.0,2018-04-30T12:54:34.201000Z
783,1.20825,1.20828,1120000.0048,1100000.0238,2018-04-30T12:54:34.713000Z
784,1.20825,1.20828,1200000.0477,5889999.8665,2018-04-30T12:54:36.938000Z
785,1.20825,1.20829,2619999.8856,3519999.9809,2018-04-30T12:54:39.789000Z
786,1.20828,1.20831,1870000.0048,4010000.2289,2018-04-30T12:54:40.103000Z
787,1.2082700000000002,1.2083000000000002,1000000.0,4010000.2289,2018-04-30T12:54:40.609000Z
788,1.20829,1.20832,1870000.0048,1759999.9905,2018-04-30T12:54:41.087000Z
789,1.20828,1.20832,1120000.0048,4760000.2289,2018-04-30T12:54:41.601000Z
790,1.20829,1.20833,1309999.9428,1070000.0525,2018-04-30T12:54:42.109000Z
791,1.2083000000000002,1.20834,1000000.0,4199999.8093,2018-04-30T12:54:42.635000Z
792,1.20828,1.20831,7760000.2289,1000000.0,2018-04-30T12:54:43.049000Z
793,1.20829,1.20833,1950000.0477,2740000.0095,2018-04-30T12:54:43.153000Z
794,1.20828,1.20831,7800000.1907,2250000.0,2018-04-30T12:54:43.553000Z
795,1.20828,1.20832,2509999.9905,1100000.0238,2018-04-30T12:54:44.094000Z
796,1.20829,1.20832,1389999.9857,2250000.0,2018-04-30T12:54:44.661000Z
797,1.20828,1.20832,7010000.2289,2250000.0,2018-04-30T12:54:45.191000Z
798,1.20828,1.2083000000000002,2920000.0763,2250000.0,2018-04-30T12:54:45.604000Z
799,1.20828,1.20832,1200000.0477,2509999.9905,2018-04-30T12:54:45.916000Z
800,1.20828,1.2083000000000002,1120000.0048,2250000.0,2018-04-30T12:54:46.104000Z
801,1.2083000000000002,1.20832,1120000.0048,3259999.9905,2018-04-30T12:54:46.419000Z
802,1.20829,1.20833,2140000.1049,1009999.9905,2018-04-30T12:54:46.524000Z
803,1.20829,1.20832,4389999.8665,1000000.0,2018-04-30T12:54:47.032000Z
804,1.20829,1.20833,1389999.9857,1100000.0238,2018-04-30T12:54:47.577000Z
805,1.20831,1.20832,1000000.0,1000000.0,2018-04-30T12:54:48.204000Z
806,1.20831,1.20834,1000000.0,1210000.0381,2018-04-30T12:54:48.722000Z
807,1.20831,1.20834,1950000.0477,1200000.0477,2018-04-30T12:54:49.267000Z
808,1.20831,1.20835,1000000.0,8550000.1907,2018-04-30T12:54:49.781000Z
809,1.20831,1.20835,5889999.8665,1950000.0477,2018-04-30T12:54:50.331000Z
810,1.20833,1.20836,1950000.0477,3750000.0,2018-04-30T12:54:50.413000Z
811,1.20836,1.20839,1570000.0525,1950000.0477,2018-04-30T12:54:50.722000Z
812,1.20836,1.20838,1570000.0525,1500000.0,2018-04-30T12:54:51.240000Z
813,1.20835,1.20838,1950000.0477,4309999.9428,2018-04-30T12:54:51.595000Z
814,1.2083700000000002,1.2084000000000001,1200000.0477,1559999.9428,2018-04-30T12:54:51.646000Z
815,1.20838,1.20841,3640000.1049,1250000.0,2018-04-30T12:54:51.854000Z
816,1.2083700000000002,1.20839,1450000.0477,1000000.0,2018-04-30T12:54:52.221000Z
817,1.20836,1.20839,1570000.0525,2700000.0477,2018-04-30T12:54:52.274000Z
818,1.20834,1.20836,1950000.0477,2099999.9046,2018-04-30T12:54:52.327000Z
819,1.20833,1.20835,1250000.0,1120000.0048,2018-04-30T12:54:52.380000Z
820,1.20833,1.20838,1950000.0477,3490000.0095,2018-04-30T12:54:52.539000Z
821,1.20834,1.20838,1100000.0238,1570000.0525,2018-04-30T12:54:53.147000Z
822,1.20833,1.20836,6260000.2289,1000000.0,2018-04-30T12:54:53.559000Z
823,1.20833,1.20838,4199999.8093,3259999.9905,2018-04-30T12:54:53.920000Z
824,1.20835,1.20839,1250000.0,6070000.1717,2018-04-30T12:54:54.463000Z
825,1.20835,1.20839,2700000.0477,1100000.0238,2018-04-30T12:54:54.977000Z
826,1.20836,1.2084000000000001,3069999.9332,1009999.9905,2018-04-30T12:54:55.518000Z
827,1.20836,1.2084000000000001,2509999.9905,1200000.0477,2018-04-30T12:54:56.362000Z
828,1.20836,1.2084000000000001,4389999.8665,1570000.0525,2018-04-30T12:54:56.869000Z
829,1.20836,1.2084000000000001,3640000.1049,1100000.0238,2018-04-30T12:54:58.090000Z
830,1.20836,1.2084000000000001,7389999.8665,1100000.0238,2018-04-30T12:55:01.554000Z
831,1.20839,1.20841,1500000.0,5699999.8093,2018-04-30T12:55:03.017000Z
832,1.20844,1.2084700000000002,1100000.0238,1690000.0572,2018-04-30T12:55:03.320000Z
833,1.20842,1.20845,1100000.0238,2619999.8856,2018-04-30T12:55:03.535000Z
834,1.20839,1.20844,2509999.9905,1570000.0525,2018-04-30T12:55:03.641000Z
835,1.20839,1.20844,6260000.2289,3640000.1049,2018-04-30T12:55:04.358000Z
836,1.20841,1.20843,1000000.0,1000000.0,2018-04-30T12:55:04.874000Z
837,1.2084000000000001,1.20844,3069999.9332,1950000.0477,2018-04-30T12:55:05.421000Z
838,1.20841,1.20845,1200000.0477,1950000.0477,2018-04-30T12:55:05.575000Z
839,1.20842,1.20846,5699999.8093,1250000.0,2018-04-30T12:55:05.942000Z
840,1.20845,1.20846,1000000.0,1759999.9905,2018-04-30T12:55:06.302000Z
841,1.20844,1.20846,2140000.1049,1009999.9905,2018-04-30T12:55:06.867000Z
842,1.20842,1.20845,2509999.9905,1000000.0,2018-04-30T12:55:07.383000Z
843,1.20843,1.20848,5699999.8093,2700000.0477,2018-04-30T12:55:07.591000Z
844,1.20845,1.20848,3069999.9332,1570000.0525,2018-04-30T12:55:08.110000Z
845,1.20845,1.20849,1100000.0238,1100000.0238,2018-04-30T12:55:09.421000Z
846,1.20844,1.20848,11140000.3433,1570000.0525,2018-04-30T12:55:09.525000Z
847,1.20846,1.20849,1000000.0,1100000.0238,2018-04-30T12:55:10.004000Z
848,1.2084700000000002,1.20849,1000000.0,3259999.9905,2018-04-30T12:55:10.734000Z
849,1.20848,1.2085100000000002,2809999.9428,1570000.0525,2018-04-30T12:55:11.086000Z
850,1.20849,1.20854,3069999.9332,4389999.8665,2018-04-30T12:55:11.263000Z
851,1.20852,1.20854,3940000.0572,1950000.0477,2018-04-30T12:55:11.423000Z
852,1.2085299999999999,1.20856,1570000.0525,1120000.0048,2018-04-30T12:55:11.479000Z
853,1.20852,1.2085299999999999,2890000.1049,2619999.8856,2018-04-30T12:55:11.537000Z
854,1.20849,1.2085100000000002,1000000.0,3369999.8856,2018-04-30T12:55:11.591000Z
855,1.2085000000000001,1.2085299999999999,1000000.0,2700000.0477,2018-04-30T12:55:11.697000Z
856,1.20849,1.2085100000000002,1200000.0477,1500000.0,2018-04-30T12:55:11.909000Z
857,1.2084700000000002,1.20849,3819999.9332,1000000.0,2018-04-30T12:55:12.216000Z
858,1.20845,1.20849,1200000.0477,2619999.8856,2018-04-30T12:55:12.373000Z
859,1.20846,1.20849,1100000.0238,1200000.0477,2018-04-30T12:55:12.924000Z
860,1.20845,1.20849,1009999.9905,2700000.0477,2018-04-30T12:55:13.494000Z
861,1.2084700000000002,1.2085100000000002,1000000.0,8890000.3433,2018-04-30T12:55:13.547000Z
862,1.20846,1.2085000000000001,3259999.9905,2319999.9332,2018-04-30T12:55:14.087000Z
863,1.20846,1.2085100000000002,1759999.9905,2140000.1049,2018-04-30T12:55:14.601000Z
864,1.20845,1.20849,1570000.0525,4570000.1717,2018-04-30T12:55:15.127000Z
865,1.20846,1.2085000000000001,2700000.0477,1570000.0525,2018-04-30T12:55:15.437000Z
866,1.2084700000000002,1.2085100000000002,1990000.0095,1950000.0477,2018-04-30T12:55:15.950000Z
867,1.2085000000000001,1.2085299999999999,2619999.8856,1950000.0477,2018-04-30T12:55:18.179000Z
868,1.2085100000000002,1.20854,1389999.9857,4690000.0572,2018-04-30T12:55:18.282000Z
869,1.2085000000000001,1.20855,2890000.1049,1200000.0477,2018-04-30T12:55:18.828000Z
870,1.2085299999999999,1.20856,3000000.0,2700000.0477,2018-04-30T12:55:19.057000Z
871,1.2085299999999999,1.2085700000000001,1000000.0,1570000.0525,2018-04-30T12:55:19.579000Z
872,1.20852,1.20856,1570000.0525,7760000.2289,2018-04-30T12:55:20.153000Z
873,1.2085100000000002,1.20855,1200000.0477,1000000.0,2018-04-30T12:55:20.659000Z
874,1.2085000000000001,1.20855,2509999.9905,2319999.9332,2018-04-30T12:55:21.175000Z
875,1.2085100000000002,1.20855,5699999.8093,1950000.0477,2018-04-30T12:55:21.969000Z
876,1.2085299999999999,1.2085700000000001,1500000.0,5139999.8665,2018-04-30T12:55:22.073000Z
877,1.20856,1.20858,2250000.0,2140000.1049,2018-04-30T12:55:22.362000Z
878,1.2086000000000001,1.20864,1200000.0477,1100000.0238,2018-04-30T12:55:22.623000Z
879,1.20859,1.20864,1470000.0286,3450000.0477,2018-04-30T12:55:23.131000Z
880,1.20858,1.2086000000000001,1100000.0238,1000000.0,2018-04-30T12:55:23.650000Z
881,1.20858,1.20863,3450000.0477,4199999.8093,2018-04-30T12:55:24.051000Z
882,1.2085700000000001,1.20859,1570000.0525,1000000.0,2018-04-30T12:55:24.164000Z
883,1.20858,1.20862,4199999.8093,2890000.1049,2018-04-30T12:55:24.324000Z
884,1.20859,1.20863,1570000.0525,1100000.0238,2018-04-30T12:55:24.843000Z
885,1.2086000000000001,1.20863,1000000.0,1100000.0238,2018-04-30T12:55:25.425000Z
886,1.20859,1.20864,1950000.0477,6070000.1717,2018-04-30T12:55:25.970000Z
887,1.20862,1.20864,1000000.0,1100000.0238,2018-04-30T12:55:26.244000Z
888,1.2086000000000001,1.20864,5510000.2289,2890000.1049,2018-04-30T12:55:26.450000Z
889,1.2086000000000001,1.20865,3069999.9332,9260000.2289,2018-04-30T12:55:26.552000Z
890,1.20858,1.2086000000000001,1200000.0477,1000000.0,2018-04-30T12:55:27.418000Z
891,1.2086000000000001,1.20863,2319999.9332,1200000.0477,2018-04-30T12:55:27.734000Z
892,1.20863,1.20866,1000000.0,1450000.0477,2018-04-30T12:55:28.049000Z
893,1.20862,1.20866,1200000.0477,1100000.0238,2018-04-30T12:55:28.101000Z
894,1.20862,1.20865,3069999.9332,1000000.0,2018-04-30T12:55:28.762000Z
895,1.20859,1.20863,2890000.1049,2250000.0,2018-04-30T12:55:29.137000Z
896,1.2086000000000001,1.20865,2319999.9332,6820000.1717,2018-04-30T12:55:29.505000Z
897,1.2086000000000001,1.20864,1200000.0477,5510000.2289,2018-04-30T12:55:29.608000Z
898,1.2086000000000001,1.20864,1950000.0477,3539999.9619,2018-04-30T12:55:30.152000Z
899,1.20859,1.20864,2509999.9905,5789999.9619,2018-04-30T12:55:30.500000Z
900,1.20858,1.20863,3069999.9332,7949999.8093,2018-04-30T12:55:31.011000Z
901,1.2086100000000002,1.20863,1000000.0,1070000.0525,2018-04-30T12:55:32.396000Z
902,1.2086000000000001,1.20863,1100000.0238,1570000.0525,2018-04-30T12:55:32.960000Z
903,1.2086000000000001,1.20864,1570000.0525,1470000.0286,2018-04-30T12:55:33.495000Z
904,1.2086100000000002,1.20864,1000000.0,5699999.8093,2018-04-30T12:55:34.364000Z
905,1.2086000000000001,1.20864,1100000.0238,1470000.0286,2018-04-30T12:55:34.900000Z
906,1.2086100000000002,1.20864,1000000.0,3450000.0477,2018-04-30T12:55:35.403000Z
907,1.2086000000000001,1.20863,2319999.9332,1120000.0048,2018-04-30T12:55:35.912000Z
908,1.20863,1.20865,1000000.0,1950000.0477,2018-04-30T12:55:36.117000Z
909,1.2086000000000001,1.20863,1100000.0238,4690000.0572,2018-04-30T12:55:36.334000Z
910,1.2086000000000001,1.20862,1000000.0,1000000.0,2018-04-30T12:55:38.847000Z
911,1.20859,1.2086000000000001,1200000.0477,1500000.0,2018-04-30T12:55:38.899000Z
912,1.20858,1.2086000000000001,1100000.0238,1100000.0238,2018-04-30T12:55:38.951000Z
913,1.20859,1.20863,1570000.0525,2700000.0477,2018-04-30T12:55:39.414000Z
914,1.20862,1.20864,2549999.9523,1000000.0,2018-04-30T12:55:39.784000Z
915,1.20862,1.2086700000000001,2549999.9523,5139999.8665,2018-04-30T12:55:39.835000Z
916,1.2086100000000002,1.20866,3450000.0477,6860000.1335,2018-04-30T12:55:40.096000Z
917,1.20863,1.20866,3259999.9905,2319999.9332,2018-04-30T12:55:40.627000Z
918,1.20864,1.20868,2359999.8951,1570000.0525,2018-04-30T12:55:40.885000Z
919,1.20864,1.20868,1120000.0048,8510000.2289,2018-04-30T12:55:41.401000Z
920,1.20866,1.20869,1350000.0238,7389999.8665,2018-04-30T12:55:41.903000Z
921,1.20865,1.2087,2140000.1049,3819999.9332,2018-04-30T12:55:42.118000Z
922,1.20865,1.2087,1200000.0477,4949999.8093,2018-04-30T12:55:42.626000Z
923,1.20866,1.20869,1000000.0,2140000.1049,2018-04-30T12:55:43.173000Z
924,1.20862,1.2086700000000001,9109999.6567,1309999.9428,2018-04-30T12:55:43.554000Z
925,1.20862,1.20865,1950000.0477,1000000.0,2018-04-30T12:55:43.766000Z
926,1.20863,1.20866,2250000.0,2140000.1049,2018-04-30T12:55:44.281000Z
927,1.2086100000000002,1.20866,1950000.0477,1389999.9857,2018-04-30T12:55:44.795000Z
928,1.20863,1.2086700000000001,1000000.0,5510000.2289,2018-04-30T12:55:45.734000Z
929,1.20863,1.20868,1570000.0525,1759999.9905,2018-04-30T12:55:46.040000Z
930,1.20862,1.20865,3259999.9905,1500000.0,2018-04-30T12:55:46.142000Z
931,1.20863,1.2086700000000001,1250000.0,2509999.9905,2018-04-30T12:55:46.802000Z
932,1.20863,1.2086700000000001,4050000.1907,1759999.9905,2018-04-30T12:55:47.344000Z
933,1.20862,1.20868,5139999.8665,6449999.8093,2018-04-30T12:55:47.923000Z
934,1.20862,1.20868,14319999.6948,5510000.2289,2018-04-30T12:55:48.455000Z
935,1.20864,1.2086700000000001,3750000.0,1100000.0238,2018-04-30T12:55:48.994000Z
936,1.20864,1.20868,6070000.1717,1070000.0525,2018-04-30T12:55:49.544000Z
937,1.20866,1.20868,2250000.0,1100000.0238,2018-04-30T12:55:49.854000Z
938,1.20865,1.20868,2509999.9905,1070000.0525,2018-04-30T12:55:49.907000Z
939,1.20866,1.2087100000000002,2319999.9332,2509999.9905,2018-04-30T12:55:50.220000Z
940,1.20866,1.2087,1250000.0,2700000.0477,2018-04-30T12:55:50.854000Z
941,1.20865,1.20869,1500000.0,2509999.9905,2018-04-30T12:55:51.369000Z
942,1.20866,1.2087,6489999.7711,2140000.1049,2018-04-30T12:55:51.667000Z
943,1.20866,1.2087100000000002,1200000.0477,5889999.8665,2018-04-30T12:55:52.169000Z
944,1.2086700000000001,1.2087,1000000.0,1100000.0238,2018-04-30T12:55:52.950000Z
945,1.2086700000000001,1.2087,1100000.0238,1389999.9857,2018-04-30T12:55:53.466000Z
946,1.20868,1.2087100000000002,2250000.0,5699999.8093,2018-04-30T12:55:53.994000Z
947,1.20866,1.2087100000000002,2509999.9905,5320000.1717,2018-04-30T12:55:54.588000Z
948,1.2086700000000001,1.2087100000000002,3940000.0572,5139999.8665,2018-04-30T12:55:55.610000Z
949,1.20866,1.2087,1200000.0477,4010000.2289,2018-04-30T12:55:56.012000Z
950,1.20866,1.2087,1500000.0,3859999.8951,2018-04-30T12:55:56.811000Z
951,1.20866,1.20868,1000000.0,2440000.0572,2018-04-30T12:55:57.380000Z
952,1.20864,1.20868,7199999.8093,2509999.9905,2018-04-30T12:55:57.851000Z
953,1.20865,1.20868,1389999.9857,1009999.9905,2018-04-30T12:55:57.904000Z
954,1.20865,1.2087,2509999.9905,8699999.8093,2018-04-30T12:55:58.437000Z
955,1.20865,1.20869,3069999.9332,1570000.0525,2018-04-30T12:56:00.125000Z
956,1.20864,1.20869,1389999.9857,4760000.2289,2018-04-30T12:56:00.650000Z
957,1.20863,1.20868,3490000.0095,1570000.0525,2018-04-30T12:56:01.420000Z
958,1.20864,1.20866,1200000.0477,1000000.0,2018-04-30T12:56:01.729000Z
959,1.20864,1.20868,1289999.9619,1389999.9857,2018-04-30T12:56:01.934000Z
960,1.20864,1.20868,4010000.2289,1100000.0238,2018-04-30T12:56:02.570000Z
961,1.20865,1.20869,1000000.0,6449999.8093,2018-04-30T12:56:03.088000Z
962,1.20864,1.20869,1759999.9905,3450000.0477,2018-04-30T12:56:03.590000Z
963,1.20864,1.20868,1289999.9619,1200000.0477,2018-04-30T12:56:04.646000Z
964,1.20864,1.20866,1950000.0477,1000000.0,2018-04-30T12:56:05.124000Z
965,1.2086100000000002,1.20865,2170000.0763,1570000.0525,2018-04-30T12:56:05.229000Z
966,1.2086100000000002,1.20864,1389999.9857,1200000.0477,2018-04-30T12:56:05.767000Z
967,1.2086000000000001,1.20863,1200000.0477,1500000.0,2018-04-30T12:56:09.372000Z
968,1.20858,1.2086100000000002,4050000.1907,1000000.0,2018-04-30T12:56:09.477000Z
969,1.20858,1.2086100000000002,5889999.8665,2250000.0,2018-04-30T12:56:09.531000Z
970,1.20859,1.20864,3109999.8951,4570000.1717,2018-04-30T12:56:09.745000Z
971,1.2086000000000001,1.20863,1009999.9905,1250000.0,2018-04-30T12:56:10.322000Z
972,1.20859,1.2086100000000002,1200000.0477,1500000.0,2018-04-30T12:56:10.758000Z
973,1.2086000000000001,1.20863,1000000.0,1100000.0238,2018-04-30T12:56:10.914000Z
974,1.2086000000000001,1.20864,1570000.0525,6820000.1717,2018-04-30T12:56:11.429000Z
975,1.2086000000000001,1.20864,2890000.1049,1070000.0525,2018-04-30T12:56:11.962000Z
976,1.2086000000000001,1.20865,1450000.0477,6670000.0763,2018-04-30T12:56:12.941000Z
977,1.2086000000000001,1.20864,2319999.9332,3640000.1049,2018-04-30T12:56:12.992000Z
978,1.2086100000000002,1.20865,3450000.0477,2700000.0477,2018-04-30T12:56:13.525000Z
979,1.20862,1.20865,2140000.1049,1100000.0238,2018-04-30T12:56:13.629000Z
980,1.2086100000000002,1.20865,1389999.9857,1100000.0238,2018-04-30T12:56:13.837000Z
981,1.2086100000000002,1.20865,2359999.8951,1759999.9905,2018-04-30T12:56:13.943000Z
982,1.2086100000000002,1.20865,2359999.8951,2509999.9905,2018-04-30T12:56:14.046000Z
983,1.2086100000000002,1.20864,3490000.0095,1250000.0,2018-04-30T12:56:14.928000Z
984,1.2086100000000002,1.20864,1100000.0238,2250000.0,2018-04-30T12:56:15.459000Z
985,1.20863,1.20866,2549999.9523,1200000.0477,2018-04-30T12:56:15.733000Z
986,1.20864,1.20868,4420000.0763,4199999.8093,2018-04-30T12:56:15.888000Z
987,1.20865,1.20866,1000000.0,1649999.9762,2018-04-30T12:56:16.095000Z
988,1.20862,1.20865,1100000.0238,3190000.0572,2018-04-30T12:56:16.201000Z
989,1.2086100000000002,1.20865,1570000.0525,2509999.9905,2018-04-30T12:56:16.711000Z
990,1.2086100000000002,1.20865,3450000.0477,5139999.8665,2018-04-30T12:56:17.228000Z
991,1.2086100000000002,1.20864,1950000.0477,2890000.1049,2018-04-30T12:56:18.394000Z
992,1.2086100000000002,1.20864,1570000.0525,2509999.9905,2018-04-30T12:56:19.011000Z
993,1.2086100000000002,1.20865,1100000.0238,11890000.3433,2018-04-30T12:56:19.525000Z
994,1.2086100000000002,1.20865,1100000.0238,10020000.4578,2018-04-30T12:56:20.054000Z
995,1.2086000000000001,1.20862,1100000.0238,1500000.0,2018-04-30T12:56:21.408000Z
996,1.2086000000000001,1.20863,2319999.9332,1250000.0,2018-04-30T12:56:21.938000Z
997,1.20859,1.2086100000000002,1539999.9619,2250000.0,2018-04-30T12:56:22.043000Z
998,1.2086000000000001,1.20864,2319999.9332,4389999.8665,2018-04-30T12:56:22.355000Z
999,1.2086000000000001,1.20865,4050000.1907,2519999.9809,2018-04-30T12:56:22.950000Z
1000,1.2086000000000001,1.20863,4570000.1717,1500000.0,2018-04-30T12:56:24.379000Z
1001,1.2086100000000002,1.20862,1000000.0,1000000.0,2018-04-30T12:56:25.039000Z
1002,1.2086000000000001,1.20862,4570000.1717,1000000.0,2018-04-30T12:56:25.556000Z
1003,1.2086000000000001,1.20863,2319999.9332,1500000.0,2018-04-30T12:56:26.069000Z
1004,1.2086100000000002,1.20862,1000000.0,1500000.0,2018-04-30T12:56:26.589000Z
1005,1.2086000000000001,1.20863,2319999.9332,1690000.0572,2018-04-30T12:56:27.151000Z
1006,1.2086000000000001,1.20862,1870000.0048,1000000.0,2018-04-30T12:56:27.747000Z
1007,1.2086100000000002,1.20863,1000000.0,1009999.9905,2018-04-30T12:56:28.394000Z
1008,1.2086000000000001,1.20862,2319999.9332,1000000.0,2018-04-30T12:56:29.931000Z
1009,1.2086000000000001,1.20863,2319999.9332,1009999.9905,2018-04-30T12:56:30.662000Z
1010,1.2086000000000001,1.20863,1950000.0477,1389999.9857,2018-04-30T12:56:31.183000Z
1011,1.2086000000000001,1.20863,2059999.9428,2319999.9332,2018-04-30T12:56:31.737000Z
1012,1.2086000000000001,1.20863,2809999.9428,1100000.0238,2018-04-30T12:56:32.278000Z
1013,1.2086000000000001,1.20862,2059999.9428,1000000.0,2018-04-30T12:56:32.814000Z
1014,1.2086000000000001,1.20863,1690000.0572,1200000.0477,2018-04-30T12:56:33.394000Z
1015,1.2086000000000001,1.20863,1759999.9905,1200000.0477,2018-04-30T12:56:33.934000Z
1016,1.2086000000000001,1.20862,1100000.0238,1570000.0525,2018-04-30T12:56:34.490000Z
1017,1.2086100000000002,1.20865,1000000.0,1639999.9857,2018-04-30T12:56:35.267000Z
1018,1.2086700000000001,1.20868,1350000.0238,2319999.9332,2018-04-30T12:56:35.320000Z
1019,1.2087,1.2087200000000002,1000000.0,1500000.0,2018-04-30T12:56:35.373000Z
1020,1.2087,1.20874,2700000.0477,1759999.9905,2018-04-30T12:56:35.476000Z
1021,1.2087,1.2087200000000002,5320000.1717,1000000.0,2018-04-30T12:56:35.631000Z
1022,1.2087,1.20874,3450000.0477,1070000.0525,2018-04-30T12:56:36.157000Z
1023,1.2087100000000002,1.20874,1000000.0,1200000.0477,2018-04-30T12:56:36.672000Z
1024,1.2087,1.20873,3069999.9332,1200000.0477,2018-04-30T12:56:37.024000Z
1025,1.2087,1.20874,1100000.0238,2319999.9332,2018-04-30T12:56:37.332000Z
1026,1.2087,1.20874,3819999.9332,1200000.0477,2018-04-30T12:56:37.887000Z
1027,1.2087,1.20875,3259999.9905,1950000.0477,2018-04-30T12:56:37.990000Z
1028,1.2087,1.20874,4760000.2289,1000000.0,2018-04-30T12:56:38.519000Z
1029,1.2087,1.20874,4949999.8093,1100000.0238,2018-04-30T12:56:39.031000Z
1030,1.2087,1.20873,5320000.1717,2099999.9046,2018-04-30T12:56:39.133000Z
1031,1.20869,1.20873,1570000.0525,2059999.9428,2018-04-30T12:56:39.237000Z
1032,1.2087200000000002,1.20875,5619999.8856,4949999.8093,2018-04-30T12:56:39.604000Z
1033,1.20874,1.20878,1950000.0477,5139999.8665,2018-04-30T12:56:39.657000Z
1034,1.20876,1.2088,1000000.0,6639999.8665,2018-04-30T12:56:39.761000Z
1035,1.20875,1.20878,2890000.1049,1000000.0,2018-04-30T12:56:40.278000Z
1036,1.2087700000000001,1.20879,1000000.0,1759999.9905,2018-04-30T12:56:40.553000Z
1037,1.20874,1.2087700000000001,1100000.0238,1200000.0477,2018-04-30T12:56:40.869000Z
1038,1.20874,1.20878,1100000.0238,1570000.0525,2018-04-30T12:56:40.974000Z
1039,1.20874,1.20879,6070000.1717,5510000.2289,2018-04-30T12:56:41.077000Z
1040,1.2087700000000001,1.2088,1000000.0,4199999.8093,2018-04-30T12:56:41.856000Z
1041,1.20876,1.2088,5320000.1717,1200000.0477,2018-04-30T12:56:42.389000Z
1042,1.2087700000000001,1.2088100000000002,1570000.0525,3109999.8951,2018-04-30T12:56:42.893000Z
1043,1.20879,1.2088100000000002,2849999.9046,1190000.0572,2018-04-30T12:56:43.586000Z
1044,1.2088,1.20883,1000000.0,2700000.0477,2018-04-30T12:56:43.693000Z
1045,1.20879,1.20883,2140000.1049,2140000.1049,2018-04-30T12:56:44.251000Z
1046,1.2088100000000002,1.20884,1870000.0048,1389999.9857,2018-04-30T12:56:44.986000Z
1047,1.20883,1.20885,1000000.0,3450000.0477,2018-04-30T12:56:45.038000Z
1048,1.2088200000000002,1.20885,1000000.0,2890000.1049,2018-04-30T12:56:45.142000Z
1049,1.2088100000000002,1.20885,3069999.9332,5139999.8665,2018-04-30T12:56:45.680000Z
1050,1.2088200000000002,1.20885,1000000.0,2319999.9332,2018-04-30T12:56:46.563000Z
1051,1.2088100000000002,1.20885,1100000.0238,3819999.9332,2018-04-30T12:56:47.069000Z
1052,1.2088100000000002,1.20883,2509999.9905,1000000.0,2018-04-30T12:56:47.556000Z
1053,1.2088,1.20885,2509999.9905,1570000.0525,2018-04-30T12:56:47.661000Z
1054,1.20878,1.2088200000000002,3670000.0763,1500000.0,2018-04-30T12:56:47.765000Z
1055,1.20878,1.20883,1389999.9857,3819999.9332,2018-04-30T12:56:48.290000Z
1056,1.20878,1.20883,1389999.9857,2700000.0477,2018-04-30T12:56:48.937000Z
1057,1.20878,1.20883,2140000.1049,2519999.9809,2018-04-30T12:56:49.471000Z
1058,1.20878,1.20883,4989999.7711,2509999.9905,2018-04-30T12:56:50.149000Z
1059,1.20878,1.20883,4239999.7711,1759999.9905,2018-04-30T12:56:50.663000Z
1060,1.20878,1.2088100000000002,2890000.1049,3000000.0,2018-04-30T12:56:51.752000Z
1061,1.20876,1.2088100000000002,1950000.0477,1100000.0238,2018-04-30T12:56:51.907000Z
1062,1.20878,1.20883,2059999.9428,1950000.0477,2018-04-30T12:56:52.376000Z
1063,1.20878,1.20883,1950000.0477,3450000.0477,2018-04-30T12:56:52.962000Z
1064,1.20878,1.20883,1200000.0477,2700000.0477,2018-04-30T12:56:53.066000Z
1065,1.20879,1.20884,2700000.0477,4199999.8093,2018-04-30T12:56:53.614000Z
1066,1.2088100000000002,1.20883,2500000.0,1200000.0477,2018-04-30T12:56:54.362000Z
1067,1.20879,1.20884,2700000.0477,3069999.9332,2018-04-30T12:56:54.413000Z
1068,1.20879,1.20884,2890000.1049,1759999.9905,2018-04-30T12:56:55.573000Z
1069,1.2088,1.20883,2509999.9905,1000000.0,2018-04-30T12:56:57.584000Z
1070,1.2088100000000002,1.20884,1100000.0238,1950000.0477,2018-04-30T12:56:58.089000Z
1071,1.20878,1.2088,1450000.0477,3000000.0,2018-04-30T12:56:58.191000Z
1072,1.20878,1.2088200000000002,5250000.0,4050000.1907,2018-04-30T12:56:58.243000Z
1073,1.20878,1.2088200000000002,7869999.8856,1389999.9857,2018-04-30T12:56:58.294000Z
1074,1.20879,1.20883,2170000.0763,4199999.8093,2018-04-30T12:56:58.348000Z
1075,1.2088200000000002,1.20884,2500000.0,4010000.2289,2018-04-30T12:56:58.555000Z
1076,1.2088100000000002,1.20884,3789999.9619,1100000.0238,2018-04-30T12:56:58.608000Z
1077,1.20878,1.2088200000000002,6489999.7711,1100000.0238,2018-04-30T12:56:58.876000Z
1078,1.20878,1.20883,1200000.0477,3450000.0477,2018-04-30T12:56:58.979000Z
1079,1.2087700000000001,1.2088100000000002,4050000.1907,1200000.0477,2018-04-30T12:56:59.439000Z
1080,1.20876,1.20879,3640000.1049,1000000.0,2018-04-30T12:56:59.648000Z
1081,1.20876,1.2088100000000002,1950000.0477,10390000.3433,2018-04-30T12:57:00.183000Z
1082,1.2087700000000001,1.2088,1000000.0,5699999.8093,2018-04-30T12:57:00.938000Z
1083,1.20876,1.2088,1570000.0525,1200000.0477,2018-04-30T12:57:01.512000Z
1084,1.20876,1.2088,1070000.0525,1070000.0525,2018-04-30T12:57:02.737000Z
1085,1.20876,1.2088,3259999.9905,1200000.0477,2018-04-30T12:57:05.426000Z
1086,1.2087700000000001,1.2088200000000002,7800000.1907,4199999.8093,2018-04-30T12:57:05.888000Z
1087,1.20876,1.20879,2920000.0763,1000000.0,2018-04-30T12:57:06.101000Z
1088,1.20875,1.2088100000000002,10050000.1907,7050000.1907,2018-04-30T12:57:06.615000Z
1089,1.2087700000000001,1.2088100000000002,1000000.0,8359999.6567,2018-04-30T12:57:07.658000Z
1090,1.2087700000000001,1.20879,1250000.0,1000000.0,2018-04-30T12:57:08.537000Z
1091,1.20879,1.20883,2619999.8856,2809999.9428,2018-04-30T12:57:09.515000Z
1092,1.2088,1.20883,1100000.0238,1120000.0048,2018-04-30T12:57:09.588000Z
1093,1.2087700000000001,1.2088,1049999.9523,1000000.0,2018-04-30T12:57:09.750000Z
1094,1.20876,1.20879,1759999.9905,2250000.0,2018-04-30T12:57:09.908000Z
1095,1.20876,1.20879,1100000.0238,1950000.0477,2018-04-30T12:57:10.434000Z
1096,1.20875,1.2088,4420000.0763,1100000.0238,2018-04-30T12:57:10.793000Z
1097,1.20875,1.2088,5320000.1717,3259999.9905,2018-04-30T12:57:12.361000Z
1098,1.20875,1.2088,4949999.8093,1570000.0525,2018-04-30T12:57:12.910000Z
1099,1.20875,1.2088,8180000.3052,3259999.9905,2018-04-30T12:57:13.920000Z
1100,1.20875,1.20879,8180000.3052,1000000.0,2018-04-30T12:57:14.491000Z
1101,1.20875,1.20879,4420000.0763,1000000.0,2018-04-30T12:57:15.151000Z
1102,1.20875,1.2088,4389999.8665,2700000.0477,2018-04-30T12:57:15.741000Z
1103,1.20878,1.2088200000000002,3599999.9046,2140000.1049,2018-04-30T12:57:16.005000Z
1104,1.20878,1.2088200000000002,3299999.9523,1200000.0477,2018-04-30T12:57:16.552000Z
1105,1.20879,1.2088200000000002,1200000.0477,3069999.9332,2018-04-30T12:57:17.062000Z
1106,1.20879,1.2088100000000002,4570000.1717,1250000.0,2018-04-30T12:57:19.208000Z
1107,1.2088,1.20883,3750000.0,5690000.0572,2018-04-30T12:57:19.313000Z
1108,1.20879,1.20883,1419999.9571,2700000.0477,2018-04-30T12:57:19.838000Z
1109,1.20879,1.20883,1500000.0,3259999.9905,2018-04-30T12:57:20.351000Z
1110,1.20879,1.20883,1100000.0238,3450000.0477,2018-04-30T12:57:20.865000Z
1111,1.2088,1.20883,6449999.8093,1200000.0477,2018-04-30T12:57:21.338000Z
1112,1.2088100000000002,1.20885,1100000.0238,4380000.1144,2018-04-30T12:57:21.850000Z
1113,1.2088100000000002,1.20885,1100000.0238,5320000.1717,2018-04-30T12:57:25.175000Z
1114,1.2088100000000002,1.20884,1100000.0238,1000000.0,2018-04-30T12:57:25.809000Z
1115,1.2088100000000002,1.20885,1100000.0238,2319999.9332,2018-04-30T12:57:26.471000Z
1116,1.2088100000000002,1.20884,1100000.0238,1000000.0,2018-04-30T12:57:27.259000Z
1117,1.2088100000000002,1.20885,1100000.0238,6070000.1717,2018-04-30T12:57:28.833000Z
1118,1.2088100000000002,1.20883,1000000.0,1759999.9905,2018-04-30T12:57:29.147000Z
1119,1.2088200000000002,1.20885,1500000.0,2890000.1049,2018-04-30T12:57:30.069000Z
1120,1.2088200000000002,1.20886,2700000.0477,9260000.2289,2018-04-30T12:57:30.173000Z
1121,1.2088100000000002,1.20886,1009999.9905,10569999.6948,2018-04-30T12:57:30.682000Z
1122,1.2088100000000002,1.20885,1289999.9619,3450000.0477,2018-04-30T12:57:31.412000Z
1123,1.2088100000000002,1.20885,1000000.0,12819999.6948,2018-04-30T12:57:31.962000Z
1124,1.2088100000000002,1.20885,1570000.0525,7389999.8665,2018-04-30T12:57:32.478000Z
1125,1.2088100000000002,1.20884,1570000.0525,1190000.0572,2018-04-30T12:57:32.991000Z
1126,1.2088,1.2088200000000002,1100000.0238,3250000.0,2018-04-30T12:57:34.453000Z
1127,1.20878,1.2088100000000002,1000000.0,2359999.8951,2018-04-30T12:57:34.614000Z
1128,1.20879,1.20884,4389999.8665,1570000.0525,2018-04-30T12:57:34.824000Z
1129,1.2088,1.20884,1000000.0,1950000.0477,2018-04-30T12:57:35.342000Z
1130,1.20879,1.20884,7389999.8665,5739999.7711,2018-04-30T12:57:35.859000Z
1131,1.2088,1.20884,2250000.0,1419999.9571,2018-04-30T12:57:36.427000Z
1132,1.2088100000000002,1.20884,1100000.0238,4989999.7711,2018-04-30T12:57:36.946000Z
1133,1.2088100000000002,1.20884,1000000.0,5139999.8665,2018-04-30T12:57:37.637000Z
1134,1.2088,1.20884,1100000.0238,3450000.0477,2018-04-30T12:57:38.147000Z
1135,1.2088100000000002,1.20884,1000000.0,2319999.9332,2018-04-30T12:57:41.154000Z
1136,1.20879,1.20884,5739999.7711,1100000.0238,2018-04-30T12:57:41.711000Z
1137,1.2088,1.20885,1100000.0238,14329999.9237,2018-04-30T12:57:43.123000Z
1138,1.20879,1.2088200000000002,2509999.9905,1000000.0,2018-04-30T12:57:43.624000Z
1139,1.2088100000000002,1.20884,2700000.0477,1000000.0,2018-04-30T12:57:44.102000Z
1140,1.20879,1.2088200000000002,4760000.2289,1000000.0,2018-04-30T12:57:44.208000Z
1141,1.20879,1.20884,2700000.0477,2319999.9332,2018-04-30T12:57:44.723000Z
1142,1.2088,1.20884,1759999.9905,1389999.9857,2018-04-30T12:57:44.933000Z
1143,1.20878,1.2088100000000002,3819999.9332,1000000.0,2018-04-30T12:57:45.418000Z
1144,1.20876,1.2088,1799999.9523,1389999.9857,2018-04-30T12:57:45.721000Z
1145,1.20876,1.2088,2170000.0763,1759999.9905,2018-04-30T12:57:46.279000Z
1146,1.20875,1.2088,6300000.1907,6070000.1717,2018-04-30T12:57:46.888000Z
1147,1.20874,1.20878,4199999.8093,2250000.0,2018-04-30T12:57:47.468000Z
1148,1.20875,1.2088,4239999.7711,7579999.9237,2018-04-30T12:57:47.979000Z
1149,1.20876,1.2088,4420000.0763,1950000.0477,2018-04-30T12:57:48.503000Z
1150,1.2087700000000001,1.20879,1500000.0,1000000.0,2018-04-30T12:57:49.197000Z
1151,1.20876,1.2088,1100000.0238,1100000.0238,2018-04-30T12:57:49.712000Z
1152,1.20876,1.20879,1000000.0,1200000.0477,2018-04-30T12:57:50.226000Z
1153,1.20876,1.20879,1100000.0238,1950000.0477,2018-04-30T12:57:51.533000Z
1154,1.20874,1.2087700000000001,1389999.9857,3259999.9905,2018-04-30T12:57:57.331000Z
1155,1.2087200000000002,1.20875,1500000.0,1570000.0525,2018-04-30T12:57:57.540000Z
1156,1.2087200000000002,1.20874,1000000.0,1000000.0,2018-04-30T12:57:59.286000Z
1157,1.2087,1.20873,3069999.9332,1000000.0,2018-04-30T12:57:59.650000Z
1158,1.2087,1.20874,1759999.9905,1950000.0477,2018-04-30T12:58:00.179000Z
1159,1.2087,1.20873,3450000.0477,1250000.0,2018-04-30T12:58:01.407000Z
1160,1.2087100000000002,1.20874,1250000.0,4389999.8665,2018-04-30T12:58:02.060000Z
1161,1.2087,1.20873,4199999.8093,1250000.0,2018-04-30T12:58:02.575000Z
1162,1.2087,1.20874,1100000.0238,4010000.2289,2018-04-30T12:58:03.076000Z
1163,1.2087,1.20873,1100000.0238,1500000.0,2018-04-30T12:58:06.012000Z
1164,1.20869,1.2087100000000002,2170000.0763,1000000.0,2018-04-30T12:58:06.578000Z
1165,1.20868,1.2087100000000002,3819999.9332,1250000.0,2018-04-30T12:58:06.789000Z
1166,1.20869,1.2087200000000002,1000000.0,5889999.8665,2018-04-30T12:58:07.338000Z
1167,1.2086700000000001,1.2087,1389999.9857,7869999.8856,2018-04-30T12:58:07.443000Z
1168,1.20866,1.20869,2440000.0572,1759999.9905,2018-04-30T12:58:07.496000Z
1169,1.20865,1.2087,1950000.0477,6449999.8093,2018-04-30T12:58:08.782000Z
1170,1.20863,1.20868,4989999.7711,3069999.9332,2018-04-30T12:58:09.304000Z
1171,1.20864,1.2086700000000001,1950000.0477,1000000.0,2018-04-30T12:58:09.840000Z
1172,1.20863,1.20868,4420000.0763,1950000.0477,2018-04-30T12:58:10.806000Z
1173,1.20863,1.20868,3109999.8951,4570000.1717,2018-04-30T12:58:11.397000Z
1174,1.20863,1.20868,1389999.9857,5699999.8093,2018-04-30T12:58:11.913000Z
1175,1.20864,1.20868,7239999.7711,3259999.9905,2018-04-30T12:58:12.411000Z
1176,1.20864,1.2086700000000001,1870000.0048,1100000.0238,2018-04-30T12:58:12.516000Z
1177,1.20863,1.2086700000000001,2319999.9332,4389999.8665,2018-04-30T12:58:13.045000Z
1178,1.20862,1.20865,5139999.8665,2250000.0,2018-04-30T12:58:13.433000Z
1179,1.20865,1.20868,4690000.0572,1100000.0238,2018-04-30T12:58:13.589000Z
1180,1.20865,1.20869,1440000.0572,1759999.9905,2018-04-30T12:58:14.580000Z
1181,1.20866,1.20869,1190000.0572,5320000.1717,2018-04-30T12:58:16.072000Z
1182,1.20866,1.2087,1690000.0572,9260000.2289,2018-04-30T12:58:16.640000Z
1183,1.20865,1.2087,1759999.9905,6820000.1717,2018-04-30T12:58:17.237000Z
1184,1.20864,1.20868,1009999.9905,3450000.0477,2018-04-30T12:58:17.414000Z
1185,1.20865,1.20869,1200000.0477,1120000.0048,2018-04-30T12:58:17.571000Z
1186,1.20865,1.20869,4389999.8665,3069999.9332,2018-04-30T12:58:19.229000Z
1187,1.20866,1.2087,1100000.0238,1470000.0286,2018-04-30T12:58:20.770000Z
1188,1.20866,1.2087,1009999.9905,3450000.0477,2018-04-30T12:58:23.975000Z
1189,1.2086700000000001,1.2087,1000000.0,1570000.0525,2018-04-30T12:58:24.825000Z
1190,1.20866,1.2087100000000002,2140000.1049,6639999.8665,2018-04-30T12:58:25.346000Z
1191,1.20866,1.20869,2059999.9428,1100000.0238,2018-04-30T12:58:29.141000Z
1192,1.20866,1.2087,1200000.0477,1100000.0238,2018-04-30T12:58:29.673000Z
1193,1.20866,1.2087,3450000.0477,1200000.0477,2018-04-30T12:58:30.729000Z
1194,1.20866,1.2087,1009999.9905,1570000.0525,2018-04-30T12:58:31.800000Z
1195,1.2086700000000001,1.2087,1000000.0,2319999.9332,2018-04-30T12:58:32.761000Z
1196,1.20869,1.2087100000000002,1000000.0,2140000.1049,2018-04-30T12:58:33.662000Z
1197,1.2087700000000001,1.2088100000000002,1000000.0,3450000.0477,2018-04-30T12:58:33.821000Z
1198,1.20878,1.2088200000000002,1120000.0048,4579999.9237,2018-04-30T12:58:33.875000Z
1199,1.20878,1.2088200000000002,1120000.0048,5510000.2289,2018-04-30T12:58:33.928000Z
1200,1.2087700000000001,1.2088200000000002,2700000.0477,2509999.9905,2018-04-30T12:58:34.453000Z
1201,1.20878,1.2088200000000002,1000000.0,5510000.2289,2018-04-30T12:58:35.051000Z
1202,1.2087700000000001,1.2088100000000002,1950000.0477,1389999.9857,2018-04-30T12:58:35.582000Z
1203,1.2088,1.2088200000000002,1000000.0,1100000.0238,2018-04-30T12:58:35.790000Z
1204,1.2088100000000002,1.20885,1000000.0,2700000.0477,2018-04-30T12:58:35.946000Z
1205,1.2088,1.20884,1950000.0477,1100000.0238,2018-04-30T12:58:36.487000Z
1206,1.20879,1.2088200000000002,4760000.2289,1500000.0,2018-04-30T12:58:36.746000Z
1207,1.20879,1.2088200000000002,3069999.9332,1000000.0,2018-04-30T12:58:37.275000Z
1208,1.20879,1.20883,1100000.0238,2140000.1049,2018-04-30T12:58:37.879000Z
1209,1.20879,1.20883,1000000.0,2890000.1049,2018-04-30T12:58:38.462000Z
1210,1.20878,1.2088100000000002,5889999.8665,1000000.0,2018-04-30T12:58:39.533000Z
1211,1.20878,1.2088200000000002,5510000.2289,1570000.0525,2018-04-30T12:58:40.058000Z
1212,1.2087700000000001,1.2088,3259999.9905,1500000.0,2018-04-30T12:58:40.476000Z
1213,1.20875,1.20879,1250000.0,6639999.8665,2018-04-30T12:58:40.644000Z
1214,1.20874,1.20879,4010000.2289,4199999.8093,2018-04-30T12:58:41.182000Z
1215,1.20874,1.20878,5510000.2289,1950000.0477,2018-04-30T12:58:41.337000Z
1216,1.20874,1.20879,2170000.0763,7570000.1717,2018-04-30T12:58:49.256000Z
1217,1.20874,1.20878,3299999.9523,1389999.9857,2018-04-30T12:58:50.570000Z
1218,1.20874,1.2087700000000001,1389999.9857,1000000.0,2018-04-30T12:58:53.601000Z
1219,1.20875,1.2088,2140000.1049,7570000.1717,2018-04-30T12:58:53.913000Z
1220,1.20875,1.20879,3000000.0,3450000.0477,2018-04-30T12:58:54.417000Z
1221,1.20875,1.20879,2140000.1049,1200000.0477,2018-04-30T12:58:55.696000Z
1222,1.20875,1.20878,2440000.0572,1009999.9905,2018-04-30T12:58:56.302000Z
1223,1.20875,1.20879,2319999.9332,4010000.2289,2018-04-30T12:58:56.843000Z
1224,1.20875,1.20878,1690000.0572,1009999.9905,2018-04-30T12:58:57.688000Z
1225,1.20876,1.20879,1190000.0572,1100000.0238,2018-04-30T12:58:57.998000Z
1226,1.20876,1.20879,1009999.9905,1000000.0,2018-04-30T12:58:58.537000Z
1227,1.20876,1.20879,1000000.0,1950000.0477,2018-04-30T12:58:59.159000Z
1228,1.20875,1.20879,2059999.9428,3450000.0477,2018-04-30T12:58:59.675000Z
1229,1.20875,1.2088,2140000.1049,5739999.7711,2018-04-30T12:59:00.279000Z
1230,1.20875,1.20879,6070000.1717,1570000.0525,2018-04-30T12:59:00.822000Z
1231,1.20875,1.2088,4570000.1717,5739999.7711,2018-04-30T12:59:01.546000Z
1232,1.20875,1.20878,2140000.1049,1000000.0,2018-04-30T12:59:02.106000Z
1233,1.20875,1.2088,1389999.9857,10420000.0763,2018-04-30T12:59:02.623000Z
1234,1.2087700000000001,1.20879,1000000.0,3450000.0477,2018-04-30T12:59:10.125000Z
1235,1.20878,1.2088200000000002,2319999.9332,2319999.9332,2018-04-30T12:59:10.236000Z
1236,1.2088,1.20884,4800000.1907,1759999.9905,2018-04-30T12:59:10.342000Z
1237,1.2088100000000002,1.20885,1009999.9905,1570000.0525,2018-04-30T12:59:10.446000Z
1238,1.20883,1.20885,1000000.0,1200000.0477,2018-04-30T12:59:10.551000Z
1239,1.2088100000000002,1.20886,1759999.9905,4199999.8093,2018-04-30T12:59:11.064000Z
1240,1.2088,1.20884,4760000.2289,1100000.0238,2018-04-30T12:59:11.546000Z
1241,1.2088,1.20885,5139999.8665,2319999.9332,2018-04-30T12:59:11.801000Z
1242,1.2088,1.20885,3640000.1049,2700000.0477,2018-04-30T12:59:13.531000Z
1243,1.2088,1.20884,8140000.3433,1120000.0048,2018-04-30T12:59:14.066000Z
1244,1.2088,1.20883,1950000.0477,1870000.0048,2018-04-30T12:59:14.257000Z
1245,1.20879,1.20884,4760000.2289,8319999.6948,2018-04-30T12:59:14.775000Z
1246,1.2088,1.20883,1100000.0238,1000000.0,2018-04-30T12:59:15.305000Z
1247,1.2088,1.20884,1100000.0238,1570000.0525,2018-04-30T12:59:15.895000Z
1248,1.2088200000000002,1.20885,1000000.0,2700000.0477,2018-04-30T12:59:16.149000Z
1249,1.2088200000000002,1.20886,4010000.2289,1009999.9905,2018-04-30T12:59:16.201000Z
1250,1.2088200000000002,1.2088700000000001,1950000.0477,4539999.9619,2018-04-30T12:59:16.763000Z
1251,1.20883,1.2088700000000001,1070000.0525,8319999.6948,2018-04-30T12:59:17.302000Z
1252,1.2088200000000002,1.20885,1570000.0525,2250000.0,2018-04-30T12:59:17.459000Z
1253,1.2088,1.20885,2700000.0477,3599999.9046,2018-04-30T12:59:18.055000Z
1254,1.2088,1.20883,1389999.9857,1250000.0,2018-04-30T12:59:28.286000Z
1255,1.20879,1.2088100000000002,1450000.0477,4500000.0,2018-04-30T12:59:28.442000Z
1256,1.20876,1.20879,1320000.0525,1100000.0238,2018-04-30T12:59:28.546000Z
1257,1.20875,1.20878,1200000.0477,1000000.0,2018-04-30T12:59:29.025000Z
1258,1.20875,1.20879,1570000.0525,2319999.9332,2018-04-30T12:59:29.529000Z
1259,1.20875,1.20878,1570000.0525,2319999.9332,2018-04-30T12:59:30.054000Z
1260,1.20874,1.20876,2319999.9332,4500000.0,2018-04-30T12:59:31.317000Z
1261,1.2087100000000002,1.20875,1200000.0477,1100000.0238,2018-04-30T12:59:31.422000Z
1262,1.2087100000000002,1.20874,1200000.0477,1250000.0,2018-04-30T12:59:31.526000Z
1263,1.20874,1.2087700000000001,1570000.0525,1690000.0572,2018-04-30T12:59:31.980000Z
1264,1.20875,1.2087700000000001,1000000.0,1690000.0572,2018-04-30T12:59:32.550000Z
1265,1.20874,1.2087700000000001,2700000.0477,1690000.0572,2018-04-30T12:59:33.111000Z
1266,1.20874,1.20876,1759999.9905,1250000.0,2018-04-30T12:59:33.640000Z
1267,1.20874,1.2087700000000001,2509999.9905,1690000.0572,2018-04-30T12:59:34.543000Z
1268,1.20875,1.2087700000000001,1000000.0,1570000.0525,2018-04-30T12:59:35.150000Z
1269,1.20873,1.20876,1320000.0525,1759999.9905,2018-04-30T12:59:35.669000Z
1270,1.20873,1.20875,1759999.9905,1250000.0,2018-04-30T12:59:41.345000Z
1271,1.20873,1.20876,3259999.9905,1009999.9905,2018-04-30T12:59:41.878000Z
1272,1.20873,1.20875,3259999.9905,1250000.0,2018-04-30T12:59:42.575000Z
1273,1.20874,1.20876,1100000.0238,1009999.9905,2018-04-30T12:59:43.121000Z
1274,1.20873,1.20875,1759999.9905,1250000.0,2018-04-30T12:59:44.394000Z
1275,1.20873,1.20876,1570000.0525,1759999.9905,2018-04-30T12:59:44.971000Z
1276,1.20873,1.20878,4199999.8093,3640000.1049,2018-04-30T12:59:51.387000Z
1277,1.20874,1.20878,1289999.9619,4760000.2289,2018-04-30T12:59:51.542000Z
