,bid,ask,bid_vol,ask_vol,time
0,1.12365,1.12368,1200000.0477,1690000.0572,2019-03-29T12:45:00.084000Z
1,1.12365,1.1236700000000002,1200000.0477,1120000.0048,2019-03-29T12:45:00.487000Z
2,1.12365,1.12368,1200000.0477,2400000.0954,2019-03-29T12:45:00.590000Z
3,1.12364,1.1236700000000002,2319999.9332,10890000.3433,2019-03-29T12:45:00.643000Z
4,1.12362,1.12364,2700000.0477,1250000.0,2019-03-29T12:45:00.747000Z
5,1.1236000000000002,1.12364,6469999.7902,2500000.0,2019-03-29T12:45:00.877000Z
6,1.1236000000000002,1.12364,7539999.9619,3190000.0572,2019-03-29T12:45:01.183000Z
7,1.12361,1.12364,7969999.7902,1000000.0,2019-03-29T12:45:01.286000Z
8,1.12363,1.1236700000000002,4199999.8093,6190000.0572,2019-03-29T12:45:01.433000Z
9,1.12363,1.12366,7570000.1717,3000000.0,2019-03-29T12:45:01.535000Z
10,1.12363,1.1236700000000002,2700000.0477,5440000.0572,2019-03-29T12:45:01.637000Z
11,1.12362,1.12365,6789999.9619,1120000.0048,2019-03-29T12:45:01.739000Z
12,1.12361,1.12364,1950000.0477,1370000.0048,2019-03-29T12:45:01.900000Z
13,1.12361,1.12364,1100000.0238,6239999.7711,2019-03-29T12:45:02.002000Z
14,1.1236000000000002,1.12363,3069999.9332,1250000.0,2019-03-29T12:45:02.326000Z
15,1.12361,1.12363,1000000.0,3190000.0572,2019-03-29T12:45:02.428000Z
16,1.1236000000000002,1.12363,3069999.9332,1690000.0572,2019-03-29T12:45:02.617000Z
17,1.12361,1.12363,1000000.0,1690000.0572,2019-03-29T12:45:03.858000Z
18,1.1236000000000002,1.12363,3069999.9332,1250000.0,2019-03-29T12:45:03.968000Z
19,1.12361,1.12363,1000000.0,2440000.0572,2019-03-29T12:45:04.071000Z
20,1.1236000000000002,1.12363,3069999.9332,1250000.0,2019-03-29T12:45:04.185000Z
21,1.12361,1.12363,1500000.0,1250000.0,2019-03-29T12:45:04.434000Z
22,1.1236000000000002,1.12363,4570000.1717,1250000.0,2019-03-29T12:45:04.536000Z
23,1.12361,1.12363,1000000.0,3190000.0572,2019-03-29T12:45:04.638000Z
24,1.1236000000000002,1.12363,3069999.9332,1250000.0,2019-03-29T12:45:04.791000Z
25,1.12361,1.12364,1970000.0286,1690000.0572,2019-03-29T12:45:04.974000Z
26,1.12361,1.12364,4199999.8093,3190000.0572,2019-03-29T12:45:05.078000Z
27,1.12361,1.12364,4449999.8093,1000000.0,2019-03-29T12:45:05.916000Z
28,1.12364,1.1236700000000002,2849999.9046,1250000.0,2019-03-29T12:45:06.018000Z
29,1.12364,1.1236700000000002,3970000.0286,1250000.0,2019-03-29T12:45:06.121000Z
30,1.12366,1.12368,1000000.0,1690000.0572,2019-03-29T12:45:06.409000Z
31,1.12366,1.12368,1100000.0238,1750000.0,2019-03-29T12:45:06.512000Z
32,1.12365,1.12368,3069999.9332,1750000.0,2019-03-29T12:45:06.665000Z
33,1.12365,1.12369,2250000.0,3700000.0477,2019-03-29T12:45:08.222000Z
34,1.12368,1.1237000000000001,1000000.0,3069999.9332,2019-03-29T12:45:08.353000Z
35,1.12368,1.12371,1000000.0,6260000.2289,2019-03-29T12:45:08.456000Z
36,1.12368,1.1237000000000001,1870000.0048,1000000.0,2019-03-29T12:45:08.872000Z
37,1.12368,1.12371,1000000.0,5440000.0572,2019-03-29T12:45:09.404000Z
38,1.12368,1.1237000000000001,1000000.0,1500000.0,2019-03-29T12:45:10.309000Z
39,1.12368,1.12371,1000000.0,5440000.0572,2019-03-29T12:45:10.411000Z
40,1.12368,1.1237000000000001,1000000.0,1500000.0,2019-03-29T12:45:11.433000Z
41,1.1236700000000002,1.1237000000000001,6070000.1717,3190000.0572,2019-03-29T12:45:12.135000Z
42,1.1236700000000002,1.12369,2250000.0,4309999.9428,2019-03-29T12:45:12.238000Z
43,1.12366,1.12369,1200000.0477,2059999.9428,2019-03-29T12:45:12.342000Z
44,1.12366,1.12368,1000000.0,1000000.0,2019-03-29T12:45:12.444000Z
45,1.1236700000000002,1.12369,1690000.0572,1000000.0,2019-03-29T12:45:12.812000Z
46,1.12368,1.12371,1000000.0,7409999.8474,2019-03-29T12:45:12.864000Z
47,1.1236700000000002,1.12371,4409999.8474,6639999.8665,2019-03-29T12:45:13.018000Z
48,1.1236700000000002,1.12371,4219999.7902,10449999.8093,2019-03-29T12:45:13.121000Z
49,1.1236700000000002,1.12371,5159999.8474,8890000.3433,2019-03-29T12:45:13.285000Z
50,1.12368,1.1237000000000001,1100000.0238,1000000.0,2019-03-29T12:45:13.388000Z
51,1.1236700000000002,1.12371,7039999.9619,8890000.3433,2019-03-29T12:45:13.693000Z
52,1.12368,1.1237000000000001,2319999.9332,2250000.0,2019-03-29T12:45:13.906000Z
53,1.1236700000000002,1.12371,7159999.8474,6940000.0572,2019-03-29T12:45:14.286000Z
54,1.12368,1.1237000000000001,1200000.0477,1500000.0,2019-03-29T12:45:14.388000Z
55,1.1236700000000002,1.12371,5289999.9619,7690000.0572,2019-03-29T12:45:14.492000Z
56,1.12368,1.12369,2700000.0477,1250000.0,2019-03-29T12:45:14.597000Z
57,1.1236700000000002,1.12369,3450000.0477,1250000.0,2019-03-29T12:45:15.222000Z
58,1.12366,1.12368,2700000.0477,1250000.0,2019-03-29T12:45:15.325000Z
59,1.12365,1.12368,3450000.0477,4000000.0,2019-03-29T12:45:15.377000Z
60,1.12365,1.12368,4199999.8093,3190000.0572,2019-03-29T12:45:15.626000Z
61,1.12366,1.12368,1100000.0238,1250000.0,2019-03-29T12:45:15.730000Z
62,1.12366,1.1236700000000002,1200000.0477,1000000.0,2019-03-29T12:45:17.062000Z
63,1.12366,1.12369,3640000.1049,5440000.0572,2019-03-29T12:45:17.114000Z
64,1.12366,1.12369,1100000.0238,3690000.0572,2019-03-29T12:45:17.392000Z
65,1.12365,1.12368,2700000.0477,1120000.0048,2019-03-29T12:45:17.545000Z
66,1.12365,1.1236700000000002,3450000.0477,1000000.0,2019-03-29T12:45:18.676000Z
67,1.12365,1.12368,2700000.0477,1000000.0,2019-03-29T12:45:18.934000Z
68,1.12366,1.1236700000000002,1100000.0238,1000000.0,2019-03-29T12:45:19.240000Z
69,1.12366,1.12368,1570000.0525,1500000.0,2019-03-29T12:45:19.342000Z
70,1.1236700000000002,1.12368,1000000.0,1000000.0,2019-03-29T12:45:19.938000Z
71,1.12366,1.12368,2700000.0477,1309999.9428,2019-03-29T12:45:20.040000Z
72,1.1236700000000002,1.12369,1000000.0,1750000.0,2019-03-29T12:45:20.144000Z
73,1.12366,1.12368,1200000.0477,2440000.0572,2019-03-29T12:45:21.012000Z
74,1.12365,1.12368,1200000.0477,5619999.8856,2019-03-29T12:45:21.114000Z
75,1.12365,1.12368,2849999.9046,4000000.0,2019-03-29T12:45:22.510000Z
76,1.12365,1.12368,2099999.9046,2440000.0572,2019-03-29T12:45:23.095000Z
77,1.12365,1.1236700000000002,2470000.0286,1000000.0,2019-03-29T12:45:23.459000Z
78,1.12365,1.12368,3599999.9046,1250000.0,2019-03-29T12:45:23.562000Z
79,1.12366,1.1236700000000002,1100000.0238,1000000.0,2019-03-29T12:45:24.322000Z
80,1.12365,1.12368,2319999.9332,1000000.0,2019-03-29T12:45:24.604000Z
81,1.12366,1.12368,1120000.0048,1000000.0,2019-03-29T12:45:24.706000Z
82,1.12366,1.1236700000000002,1120000.0048,1000000.0,2019-03-29T12:45:25.063000Z
83,1.12365,1.12368,2509999.9905,1250000.0,2019-03-29T12:45:25.373000Z
84,1.12365,1.12368,1570000.0525,7309999.9428,2019-03-29T12:45:26.346000Z
85,1.12364,1.12368,1200000.0477,1309999.9428,2019-03-29T12:45:26.448000Z
86,1.12364,1.1236700000000002,1200000.0477,1500000.0,2019-03-29T12:45:26.550000Z
87,1.12364,1.12366,3069999.9332,1000000.0,2019-03-29T12:45:28.164000Z
88,1.12364,1.1236700000000002,1950000.0477,1500000.0,2019-03-29T12:45:28.267000Z
89,1.12364,1.12365,1100000.0238,4869999.8856,2019-03-29T12:45:28.490000Z
90,1.12363,1.12365,2890000.1049,1000000.0,2019-03-29T12:45:28.606000Z
91,1.12363,1.12366,4789999.9619,2059999.9428,2019-03-29T12:45:28.710000Z
92,1.12363,1.12364,3750000.0,1250000.0,2019-03-29T12:45:32.444000Z
93,1.12363,1.12364,1000000.0,1000000.0,2019-03-29T12:45:32.547000Z
94,1.12362,1.12365,1870000.0048,4369999.8856,2019-03-29T12:45:32.650000Z
95,1.12361,1.12363,1000000.0,1250000.0,2019-03-29T12:45:32.808000Z
96,1.1236000000000002,1.12363,1000000.0,6690000.0572,2019-03-29T12:45:32.910000Z
97,1.12359,1.12363,2700000.0477,11159999.8474,2019-03-29T12:45:35.027000Z
98,1.1236000000000002,1.12362,1000000.0,1100000.0238,2019-03-29T12:45:35.253000Z
99,1.12359,1.12363,2700000.0477,11159999.8474,2019-03-29T12:45:35.575000Z
100,1.12359,1.12361,6449999.8093,1870000.0048,2019-03-29T12:45:35.788000Z
101,1.1236000000000002,1.12361,1120000.0048,1000000.0,2019-03-29T12:45:35.941000Z
102,1.12359,1.12361,2250000.0,1000000.0,2019-03-29T12:45:36.082000Z
103,1.1236000000000002,1.12361,1120000.0048,1000000.0,2019-03-29T12:45:36.184000Z
104,1.12359,1.12361,4119999.8856,1000000.0,2019-03-29T12:45:36.337000Z
105,1.1236000000000002,1.12361,1120000.0048,1000000.0,2019-03-29T12:45:36.499000Z
106,1.12359,1.12361,3000000.0,1000000.0,2019-03-29T12:45:36.652000Z
107,1.12359,1.12362,3000000.0,3750000.0,2019-03-29T12:45:36.808000Z
108,1.1236000000000002,1.12361,1000000.0,1000000.0,2019-03-29T12:45:38.882000Z
109,1.12359,1.12361,4119999.8856,1000000.0,2019-03-29T12:45:38.984000Z
110,1.12359,1.12362,4119999.8856,2250000.0,2019-03-29T12:45:39.194000Z
111,1.1236000000000002,1.12361,1000000.0,1000000.0,2019-03-29T12:45:39.435000Z
112,1.12359,1.12362,4119999.8856,2250000.0,2019-03-29T12:45:39.569000Z
113,1.12359,1.12361,4119999.8856,1000000.0,2019-03-29T12:45:39.671000Z
114,1.12359,1.12362,4119999.8856,3000000.0,2019-03-29T12:45:39.968000Z
115,1.1236000000000002,1.12361,1000000.0,1000000.0,2019-03-29T12:45:40.070000Z
116,1.12359,1.12361,3000000.0,1000000.0,2019-03-29T12:45:40.178000Z
117,1.12359,1.12362,3000000.0,3750000.0,2019-03-29T12:45:40.280000Z
118,1.12359,1.12361,3000000.0,1000000.0,2019-03-29T12:45:41.006000Z
119,1.12359,1.12362,3000000.0,2250000.0,2019-03-29T12:45:41.109000Z
120,1.1236000000000002,1.12361,1000000.0,1000000.0,2019-03-29T12:45:41.456000Z
121,1.12359,1.12361,4119999.8856,1000000.0,2019-03-29T12:45:42.359000Z
122,1.1236000000000002,1.12361,1000000.0,1500000.0,2019-03-29T12:45:42.546000Z
123,1.12359,1.12362,3369999.8856,7119999.8856,2019-03-29T12:45:42.976000Z
124,1.12359,1.12361,3750000.0,1000000.0,2019-03-29T12:45:43.078000Z
125,1.12359,1.12362,2250000.0,3369999.8856,2019-03-29T12:45:43.180000Z
126,1.12359,1.12363,2319999.9332,8350000.3815,2019-03-29T12:45:43.436000Z
127,1.12359,1.12362,2319999.9332,1000000.0,2019-03-29T12:45:43.537000Z
128,1.1236000000000002,1.12362,1000000.0,3809999.9428,2019-03-29T12:45:44.580000Z
129,1.12359,1.12362,2319999.9332,1000000.0,2019-03-29T12:45:44.826000Z
130,1.12359,1.12363,2319999.9332,6849999.9046,2019-03-29T12:45:44.969000Z
131,1.1236000000000002,1.12362,1000000.0,3059999.9428,2019-03-29T12:45:45.552000Z
132,1.12359,1.12363,3069999.9332,7599999.9046,2019-03-29T12:45:45.654000Z
133,1.1236000000000002,1.12362,1000000.0,3059999.9428,2019-03-29T12:45:45.756000Z
134,1.12359,1.12362,3069999.9332,1000000.0,2019-03-29T12:45:46.125000Z
135,1.12359,1.12363,2319999.9332,7969999.7902,2019-03-29T12:45:47.742000Z
136,1.12359,1.12362,3069999.9332,1000000.0,2019-03-29T12:45:47.844000Z
137,1.12359,1.12363,2319999.9332,7969999.7902,2019-03-29T12:45:47.946000Z
138,1.1236000000000002,1.12362,1000000.0,3059999.9428,2019-03-29T12:45:49.018000Z
139,1.12359,1.12363,3450000.0477,8720000.267,2019-03-29T12:45:49.120000Z
140,1.12359,1.12362,4199999.8093,1000000.0,2019-03-29T12:45:49.992000Z
141,1.12359,1.12363,2700000.0477,7969999.7902,2019-03-29T12:45:50.094000Z
142,1.12359,1.12362,4500000.0,3059999.9428,2019-03-29T12:45:50.297000Z
143,1.12359,1.12363,1500000.0,9550000.1907,2019-03-29T12:45:50.399000Z
144,1.12359,1.12362,3369999.8856,3059999.9428,2019-03-29T12:45:50.724000Z
145,1.12359,1.12363,1500000.0,8800000.1907,2019-03-29T12:45:51.025000Z
146,1.12359,1.12362,2250000.0,1500000.0,2019-03-29T12:45:51.127000Z
147,1.12359,1.12361,1870000.0048,1250000.0,2019-03-29T12:45:51.768000Z
148,1.12359,1.12361,1250000.0,1000000.0,2019-03-29T12:45:51.871000Z
149,1.12359,1.12362,1250000.0,6559999.9428,2019-03-29T12:45:51.973000Z
150,1.12359,1.12361,1690000.0572,1500000.0,2019-03-29T12:45:52.126000Z
151,1.1235700000000002,1.12359,8699999.8093,1750000.0,2019-03-29T12:45:52.242000Z
152,1.1235600000000001,1.12359,2470000.0286,1399999.9762,2019-03-29T12:45:52.345000Z
153,1.12355,1.12359,4219999.7902,6130000.1144,2019-03-29T12:45:52.448000Z
154,1.12355,1.12359,3099999.9046,8350000.3815,2019-03-29T12:45:52.550000Z
155,1.12355,1.12359,1950000.0477,4969999.7902,2019-03-29T12:45:52.840000Z
156,1.12355,1.12358,2140000.1049,1250000.0,2019-03-29T12:45:53.295000Z
157,1.1235700000000002,1.12359,1120000.0048,3250000.0,2019-03-29T12:45:53.397000Z
158,1.1235600000000001,1.12359,1870000.0048,1250000.0,2019-03-29T12:45:53.652000Z
159,1.1235600000000001,1.1235700000000002,1000000.0,1000000.0,2019-03-29T12:45:56.270000Z
160,1.1235600000000001,1.12358,1000000.0,2809999.9428,2019-03-29T12:45:56.372000Z
161,1.1235600000000001,1.1235700000000002,1000000.0,1120000.0048,2019-03-29T12:45:56.474000Z
162,1.1235600000000001,1.12358,1000000.0,1309999.9428,2019-03-29T12:45:56.576000Z
163,1.1235600000000001,1.1235700000000002,1000000.0,3369999.8856,2019-03-29T12:45:56.792000Z
164,1.1235600000000001,1.12358,1000000.0,6940000.0572,2019-03-29T12:45:56.946000Z
165,1.1235600000000001,1.1235700000000002,1000000.0,2619999.8856,2019-03-29T12:45:57.149000Z
166,1.1235600000000001,1.12358,1000000.0,7309999.9428,2019-03-29T12:45:57.266000Z
167,1.1235600000000001,1.1235700000000002,1000000.0,2250000.0,2019-03-29T12:45:57.643000Z
168,1.1235600000000001,1.12358,1000000.0,5059999.9428,2019-03-29T12:45:57.745000Z
169,1.1235600000000001,1.1235700000000002,1000000.0,1000000.0,2019-03-29T12:45:57.847000Z
170,1.1235600000000001,1.12358,1000000.0,1690000.0572,2019-03-29T12:45:58.261000Z
171,1.1235600000000001,1.1235700000000002,1000000.0,1000000.0,2019-03-29T12:45:58.380000Z
172,1.1235600000000001,1.12358,1000000.0,2440000.0572,2019-03-29T12:45:58.685000Z
173,1.1235600000000001,1.1235700000000002,1000000.0,1500000.0,2019-03-29T12:45:59.009000Z
174,1.1235600000000001,1.12358,1000000.0,2059999.9428,2019-03-29T12:45:59.344000Z
175,1.1235600000000001,1.1235700000000002,1000000.0,1500000.0,2019-03-29T12:45:59.819000Z
176,1.1235600000000001,1.12358,1000000.0,1690000.0572,2019-03-29T12:45:59.921000Z
177,1.1235600000000001,1.1235700000000002,1000000.0,1500000.0,2019-03-29T12:46:00.023000Z
178,1.1235600000000001,1.12359,1500000.0,4750000.0,2019-03-29T12:46:00.505000Z
179,1.12358,1.12361,1870000.0048,3640000.1049,2019-03-29T12:46:00.608000Z
180,1.12359,1.12362,5099999.9046,2869999.8856,2019-03-29T12:46:00.761000Z
181,1.12361,1.12363,1000000.0,3450000.0477,2019-03-29T12:46:00.865000Z
182,1.1236000000000002,1.12361,1000000.0,1000000.0,2019-03-29T12:46:01.280000Z
183,1.12361,1.12363,1000000.0,6559999.9428,2019-03-29T12:46:01.331000Z
184,1.12361,1.12362,1000000.0,1000000.0,2019-03-29T12:46:03.954000Z
185,1.12361,1.12364,1000000.0,11890000.3433,2019-03-29T12:46:04.209000Z
186,1.12361,1.12362,1000000.0,1250000.0,2019-03-29T12:46:04.755000Z
187,1.12361,1.12363,1000000.0,3940000.0572,2019-03-29T12:46:08.476000Z
188,1.12361,1.12362,1100000.0238,1000000.0,2019-03-29T12:46:08.680000Z
189,1.12361,1.12363,1000000.0,2059999.9428,2019-03-29T12:46:10.126000Z
190,1.12361,1.12363,1100000.0238,2940000.0572,2019-03-29T12:46:14.397000Z
191,1.12361,1.12364,1100000.0238,4869999.8856,2019-03-29T12:46:14.867000Z
192,1.12361,1.12363,1100000.0238,2940000.0572,2019-03-29T12:46:15.320000Z
193,1.12361,1.12363,1100000.0238,1309999.9428,2019-03-29T12:46:15.551000Z
194,1.12361,1.12363,1100000.0238,1809999.9428,2019-03-29T12:46:16.096000Z
195,1.12361,1.12364,1100000.0238,4500000.0,2019-03-29T12:46:16.275000Z
196,1.12361,1.12363,1100000.0238,1809999.9428,2019-03-29T12:46:18.417000Z
197,1.12361,1.12364,1100000.0238,4500000.0,2019-03-29T12:46:18.543000Z
198,1.12361,1.12364,1100000.0238,9369999.8856,2019-03-29T12:46:18.798000Z
199,1.12361,1.12364,1100000.0238,4869999.8856,2019-03-29T12:46:19.077000Z
200,1.12365,1.12366,1500000.0,5250000.0,2019-03-29T12:46:21.174000Z
201,1.1236700000000002,1.12368,1100000.0238,1500000.0,2019-03-29T12:46:21.320000Z
202,1.12366,1.12369,6639999.8665,2750000.0,2019-03-29T12:46:21.424000Z
203,1.12366,1.12369,1389999.9857,3369999.8856,2019-03-29T12:46:21.577000Z
204,1.12366,1.12369,1200000.0477,2869999.8856,2019-03-29T12:46:21.686000Z
205,1.1236700000000002,1.12369,3039999.9619,2619999.8856,2019-03-29T12:46:22.527000Z
206,1.12371,1.12372,1120000.0048,3069999.9332,2019-03-29T12:46:22.632000Z
207,1.12372,1.12373,1000000.0,1500000.0,2019-03-29T12:46:22.787000Z
208,1.12373,1.12375,3599999.9046,1000000.0,2019-03-29T12:46:22.838000Z
209,1.12375,1.1237700000000002,3369999.8856,2809999.9428,2019-03-29T12:46:22.891000Z
210,1.1237700000000002,1.12378,1200000.0477,1690000.0572,2019-03-29T12:46:22.995000Z
211,1.12376,1.1237700000000002,2700000.0477,1250000.0,2019-03-29T12:46:23.097000Z
212,1.12375,1.12378,6039999.9619,1000000.0,2019-03-29T12:46:23.393000Z
213,1.12376,1.12378,2700000.0477,1000000.0,2019-03-29T12:46:23.495000Z
214,1.12376,1.12378,1950000.0477,1000000.0,2019-03-29T12:46:23.597000Z
215,1.12376,1.12378,10340000.1526,1000000.0,2019-03-29T12:46:23.762000Z
216,1.12376,1.12378,2319999.9332,1000000.0,2019-03-29T12:46:23.864000Z
217,1.12376,1.12378,1100000.0238,1000000.0,2019-03-29T12:46:24.017000Z
218,1.12375,1.1237700000000002,10189999.5804,1000000.0,2019-03-29T12:46:24.338000Z
219,1.12375,1.12378,8739999.7711,1000000.0,2019-03-29T12:46:24.713000Z
220,1.12378,1.1238100000000002,2440000.0572,1000000.0,2019-03-29T12:46:24.817000Z
221,1.12379,1.1238299999999999,3819999.9332,4969999.7902,2019-03-29T12:46:24.952000Z
222,1.1238100000000002,1.1238299999999999,1409999.9666,2890000.1049,2019-03-29T12:46:25.004000Z
223,1.1238000000000001,1.12384,7099999.9046,8199999.8093,2019-03-29T12:46:25.212000Z
224,1.12382,1.12385,1100000.0238,7010000.2289,2019-03-29T12:46:25.475000Z
225,1.1238100000000002,1.12384,6619999.8856,2700000.0477,2019-03-29T12:46:25.578000Z
226,1.1238100000000002,1.12384,2160000.0858,1100000.0238,2019-03-29T12:46:25.731000Z
227,1.1238100000000002,1.12385,1220000.0286,7789999.9619,2019-03-29T12:46:25.906000Z
228,1.12382,1.12385,2099999.9046,6289999.9619,2019-03-29T12:46:26.008000Z
229,1.12382,1.12385,1570000.0525,6639999.8665,2019-03-29T12:46:26.212000Z
230,1.12382,1.12385,1500000.0,5159999.8474,2019-03-29T12:46:26.316000Z
231,1.1238299999999999,1.12385,5869999.8856,1100000.0238,2019-03-29T12:46:27.523000Z
232,1.12386,1.12388,1950000.0477,2619999.8856,2019-03-29T12:46:27.575000Z
233,1.12386,1.1238700000000001,1200000.0477,1000000.0,2019-03-29T12:46:27.727000Z
234,1.12386,1.12388,1200000.0477,1000000.0,2019-03-29T12:46:27.830000Z
235,1.12386,1.1238700000000001,1200000.0477,1000000.0,2019-03-29T12:46:27.933000Z
236,1.12385,1.12388,3599999.9046,1000000.0,2019-03-29T12:46:28.079000Z
237,1.12386,1.12388,1220000.0286,4119999.8856,2019-03-29T12:46:28.181000Z
238,1.12385,1.12388,3450000.0477,6369999.8856,2019-03-29T12:46:28.283000Z
239,1.12386,1.12388,1100000.0238,1000000.0,2019-03-29T12:46:28.386000Z
240,1.1238700000000001,1.12388,1200000.0477,1000000.0,2019-03-29T12:46:28.517000Z
241,1.12386,1.12388,7199999.8093,1000000.0,2019-03-29T12:46:28.619000Z
242,1.12386,1.12388,3819999.9332,1000000.0,2019-03-29T12:46:28.722000Z
243,1.12386,1.12389,3849999.9046,2440000.0572,2019-03-29T12:46:28.896000Z
244,1.12388,1.12389,1000000.0,1120000.0048,2019-03-29T12:46:28.999000Z
245,1.12388,1.1239100000000002,3640000.1049,1200000.0477,2019-03-29T12:46:29.050000Z
246,1.1239000000000001,1.1239299999999999,1120000.0048,2799999.9523,2019-03-29T12:46:29.102000Z
247,1.12395,1.1239700000000001,1100000.0238,3700000.0477,2019-03-29T12:46:29.268000Z
248,1.12395,1.12398,4949999.8093,1000000.0,2019-03-29T12:46:29.320000Z
249,1.1239700000000001,1.12399,2250000.0,2059999.9428,2019-03-29T12:46:29.422000Z
250,1.12399,1.124,1250000.0,1120000.0048,2019-03-29T12:46:29.526000Z
251,1.12399,1.124,1200000.0477,1250000.0,2019-03-29T12:46:29.634000Z
252,1.1239700000000001,1.12398,1200000.0477,1000000.0,2019-03-29T12:46:29.694000Z
253,1.12396,1.12399,1870000.0048,5440000.0572,2019-03-29T12:46:29.796000Z
254,1.12396,1.12398,1120000.0048,1870000.0048,2019-03-29T12:46:29.898000Z
255,1.12396,1.12399,1120000.0048,2890000.1049,2019-03-29T12:46:30Z
256,1.12395,1.12398,4980000.0191,1870000.0048,2019-03-29T12:46:30.368000Z
257,1.12395,1.1239700000000001,2299999.9523,1620000.0048,2019-03-29T12:46:30.420000Z
258,1.12394,1.1239700000000001,2700000.0477,3119999.8856,2019-03-29T12:46:30.523000Z
259,1.12394,1.1239700000000001,2849999.9046,2750000.0,2019-03-29T12:46:30.677000Z
260,1.12395,1.12398,1100000.0238,2500000.0,2019-03-29T12:46:30.831000Z
261,1.12395,1.1239700000000001,1100000.0238,1500000.0,2019-03-29T12:46:30.934000Z
262,1.12395,1.1239700000000001,1950000.0477,1600000.0238,2019-03-29T12:46:31.036000Z
263,1.12395,1.1239700000000001,1570000.0525,1120000.0048,2019-03-29T12:46:31.141000Z
264,1.12394,1.1239700000000001,1690000.0572,1000000.0,2019-03-29T12:46:31.295000Z
265,1.12395,1.1239700000000001,1500000.0,1120000.0048,2019-03-29T12:46:31.549000Z
266,1.12396,1.12398,1500000.0,1000000.0,2019-03-29T12:46:31.703000Z
267,1.12395,1.1239700000000001,2619999.8856,1120000.0048,2019-03-29T12:46:31.806000Z
268,1.12395,1.12398,4949999.8093,3000000.0,2019-03-29T12:46:31.908000Z
269,1.12396,1.1239700000000001,1000000.0,1120000.0048,2019-03-29T12:46:32.010000Z
270,1.12395,1.12398,2319999.9332,3000000.0,2019-03-29T12:46:32.112000Z
271,1.1239700000000001,1.12398,1120000.0048,1120000.0048,2019-03-29T12:46:32.484000Z
272,1.12398,1.124,2099999.9046,2809999.9428,2019-03-29T12:46:32.587000Z
273,1.12398,1.124,1000000.0,2140000.1049,2019-03-29T12:46:32.773000Z
274,1.1239700000000001,1.124,6750000.0,2369999.8856,2019-03-29T12:46:32.977000Z
275,1.12396,1.12398,3450000.0477,1620000.0048,2019-03-29T12:46:33.477000Z
276,1.12396,1.12398,1970000.0286,1309999.9428,2019-03-29T12:46:33.579000Z
277,1.12395,1.12398,2660000.0858,1309999.9428,2019-03-29T12:46:33.683000Z
278,1.12396,1.1239700000000001,1200000.0477,1120000.0048,2019-03-29T12:46:33.837000Z
279,1.12395,1.12398,4909999.8474,1389999.9857,2019-03-29T12:46:34.003000Z
280,1.12396,1.1239700000000001,1000000.0,1120000.0048,2019-03-29T12:46:34.157000Z
281,1.1239299999999999,1.12395,4969999.7902,1690000.0572,2019-03-29T12:46:34.262000Z
282,1.1239299999999999,1.12394,1200000.0477,2250000.0,2019-03-29T12:46:34.365000Z
283,1.12392,1.12394,1120000.0048,4119999.8856,2019-03-29T12:46:34.417000Z
284,1.1239000000000001,1.12394,3069999.9332,4389999.8665,2019-03-29T12:46:34.520000Z
285,1.1239000000000001,1.1239299999999999,4500000.0,2250000.0,2019-03-29T12:46:34.776000Z
286,1.1239000000000001,1.12394,4500000.0,7840000.1526,2019-03-29T12:46:34.979000Z
287,1.1239100000000002,1.12394,1000000.0,4460000.0381,2019-03-29T12:46:35.081000Z
288,1.12392,1.1239299999999999,1000000.0,1000000.0,2019-03-29T12:46:35.419000Z
289,1.1239100000000002,1.12394,1000000.0,3900000.0954,2019-03-29T12:46:35.672000Z
290,1.1239100000000002,1.1239299999999999,1500000.0,1000000.0,2019-03-29T12:46:37.130000Z
291,1.12392,1.12394,1500000.0,1200000.0477,2019-03-29T12:46:37.799000Z
292,1.1239100000000002,1.1239299999999999,3069999.9332,3369999.8856,2019-03-29T12:46:37.925000Z
293,1.1239100000000002,1.12394,2250000.0,5019999.9809,2019-03-29T12:46:38.027000Z
294,1.12392,1.1239299999999999,1000000.0,1000000.0,2019-03-29T12:46:38.295000Z
295,1.1239100000000002,1.12394,2250000.0,5619999.8856,2019-03-29T12:46:38.619000Z
296,1.1239100000000002,1.12392,2250000.0,4119999.8856,2019-03-29T12:46:38.823000Z
297,1.12389,1.1239299999999999,3640000.1049,4539999.9619,2019-03-29T12:46:38.875000Z
298,1.12389,1.1239100000000002,5889999.8665,1000000.0,2019-03-29T12:46:39.074000Z
299,1.12392,1.12394,2250000.0,5000000.0,2019-03-29T12:46:39.125000Z
300,1.12392,1.1239299999999999,1120000.0048,1000000.0,2019-03-29T12:46:39.233000Z
301,1.12392,1.12394,1000000.0,5139999.8665,2019-03-29T12:46:39.336000Z
302,1.1239100000000002,1.12394,1000000.0,2509999.9905,2019-03-29T12:46:39.438000Z
303,1.12392,1.12394,1000000.0,1570000.0525,2019-03-29T12:46:39.591000Z
304,1.1239100000000002,1.12394,1000000.0,2319999.9332,2019-03-29T12:46:39.694000Z
305,1.1239000000000001,1.12394,2890000.1049,3640000.1049,2019-03-29T12:46:39.798000Z
306,1.1239100000000002,1.1239299999999999,1000000.0,1000000.0,2019-03-29T12:46:40.105000Z
307,1.1239000000000001,1.12394,1009999.9905,1820000.0525,2019-03-29T12:46:41.096000Z
308,1.12389,1.12392,13789999.9619,1120000.0048,2019-03-29T12:46:41.198000Z
309,1.1239100000000002,1.12392,1000000.0,1370000.0048,2019-03-29T12:46:41.301000Z
310,1.1239100000000002,1.1239299999999999,1000000.0,2119999.8856,2019-03-29T12:46:41.447000Z
311,1.12392,1.12394,1500000.0,1500000.0,2019-03-29T12:46:41.549000Z
312,1.1239100000000002,1.12394,1870000.0048,1570000.0525,2019-03-29T12:46:41.652000Z
313,1.1239100000000002,1.12395,3369999.8856,4710000.0381,2019-03-29T12:46:41.856000Z
314,1.1239100000000002,1.12394,3000000.0,2250000.0,2019-03-29T12:46:41.978000Z
315,1.1239100000000002,1.12395,1500000.0,10359999.6567,2019-03-29T12:46:42.080000Z
316,1.1239100000000002,1.12394,1500000.0,1100000.0238,2019-03-29T12:46:42.557000Z
317,1.1239100000000002,1.12395,1500000.0,4380000.1144,2019-03-29T12:46:42.779000Z
318,1.12392,1.12394,1120000.0048,1950000.0477,2019-03-29T12:46:42.881000Z
319,1.12392,1.1239299999999999,1120000.0048,1779999.9714,2019-03-29T12:46:42.983000Z
320,1.12392,1.12394,1120000.0048,2319999.9332,2019-03-29T12:46:43.085000Z
321,1.1239000000000001,1.12394,5139999.8665,1570000.0525,2019-03-29T12:46:43.187000Z
322,1.1239000000000001,1.12394,5460000.0381,3849999.9046,2019-03-29T12:46:43.596000Z
323,1.1239100000000002,1.1239299999999999,1000000.0,1000000.0,2019-03-29T12:46:43.698000Z
324,1.1239000000000001,1.1239299999999999,2509999.9905,1000000.0,2019-03-29T12:46:43.915000Z
325,1.1239000000000001,1.1239100000000002,1759999.9905,1000000.0,2019-03-29T12:46:44.789000Z
326,1.12388,1.12389,1000000.0,1250000.0,2019-03-29T12:46:44.892000Z
327,1.12386,1.12389,1000000.0,6630000.1144,2019-03-29T12:46:44.943000Z
328,1.12386,1.12389,1000000.0,1750000.0,2019-03-29T12:46:45.045000Z
329,1.12385,1.12389,2509999.9905,2289999.9619,2019-03-29T12:46:45.207000Z
330,1.12385,1.12389,5079999.9237,7380000.1144,2019-03-29T12:46:45.361000Z
331,1.12385,1.12389,3640000.1049,3759999.9905,2019-03-29T12:46:45.513000Z
332,1.12385,1.12388,2769999.9809,1500000.0,2019-03-29T12:46:46.778000Z
333,1.12385,1.12388,2619999.8856,1100000.0238,2019-03-29T12:46:46.931000Z
334,1.12385,1.12388,1970000.0286,1100000.0238,2019-03-29T12:46:47.137000Z
335,1.12385,1.12388,1000000.0,1570000.0525,2019-03-29T12:46:47.291000Z
336,1.12385,1.1238700000000001,2190000.0572,1000000.0,2019-03-29T12:46:48.507000Z
337,1.12385,1.12388,1500000.0,1500000.0,2019-03-29T12:46:48.609000Z
338,1.12385,1.12388,1000000.0,8050000.1907,2019-03-29T12:46:48.764000Z
339,1.12385,1.12388,2619999.8856,1500000.0,2019-03-29T12:46:48.955000Z
340,1.12384,1.12388,7389999.8665,1000000.0,2019-03-29T12:46:49.059000Z
341,1.12384,1.12389,6639999.8665,4090000.1526,2019-03-29T12:46:49.161000Z
342,1.12385,1.12389,1000000.0,5210000.0381,2019-03-29T12:46:49.384000Z
343,1.12385,1.12388,1000000.0,1000000.0,2019-03-29T12:46:49.538000Z
344,1.12384,1.12388,5510000.2289,1000000.0,2019-03-29T12:46:49.797000Z
345,1.12384,1.12389,7760000.2289,4090000.1526,2019-03-29T12:46:49.933000Z
346,1.12385,1.12388,1120000.0048,3000000.0,2019-03-29T12:46:50.091000Z
347,1.12384,1.12389,5510000.2289,2960000.0381,2019-03-29T12:46:50.194000Z
348,1.12385,1.12389,1000000.0,4090000.1526,2019-03-29T12:46:50.585000Z
349,1.12384,1.12389,6260000.2289,6710000.0381,2019-03-29T12:46:50.687000Z
350,1.12385,1.12389,1000000.0,10460000.0381,2019-03-29T12:46:50.849000Z
351,1.12384,1.1238700000000001,10039999.9619,2250000.0,2019-03-29T12:46:50.951000Z
352,1.1238299999999999,1.12384,1500000.0,1120000.0048,2019-03-29T12:46:51.055000Z
353,1.12382,1.12384,1000000.0,13720000.267,2019-03-29T12:46:51.159000Z
354,1.1238000000000001,1.1238299999999999,3660000.0858,1870000.0048,2019-03-29T12:46:51.210000Z
355,1.1238000000000001,1.1238299999999999,1759999.9905,1100000.0238,2019-03-29T12:46:51.338000Z
356,1.1238000000000001,1.1238299999999999,2440000.0572,2000000.0,2019-03-29T12:46:51.967000Z
357,1.1238000000000001,1.12384,1690000.0572,3650000.0954,2019-03-29T12:46:52.069000Z
358,1.1238000000000001,1.1238100000000002,1500000.0,1120000.0048,2019-03-29T12:46:53.363000Z
359,1.12379,1.1238100000000002,2319999.9332,2250000.0,2019-03-29T12:46:53.466000Z
360,1.12378,1.1238000000000001,1120000.0048,3119999.8856,2019-03-29T12:46:53.776000Z
361,1.12379,1.1238000000000001,1500000.0,1000000.0,2019-03-29T12:46:53.936000Z
362,1.12379,1.1238299999999999,3259999.9905,1120000.0048,2019-03-29T12:46:54.038000Z
363,1.12379,1.1238299999999999,5889999.8665,3420000.0763,2019-03-29T12:46:54.141000Z
364,1.12379,1.1238299999999999,1759999.9905,1120000.0048,2019-03-29T12:46:54.244000Z
365,1.12379,1.1238299999999999,4389999.8665,3500000.0,2019-03-29T12:46:54.348000Z
366,1.12379,1.12384,1759999.9905,9840000.1526,2019-03-29T12:46:54.486000Z
367,1.12379,1.12382,1759999.9905,1000000.0,2019-03-29T12:46:54.750000Z
368,1.12379,1.1238299999999999,1759999.9905,3730000.0191,2019-03-29T12:46:54.968000Z
369,1.12379,1.12382,1759999.9905,1000000.0,2019-03-29T12:46:55.070000Z
370,1.12379,1.1238100000000002,4010000.2289,1000000.0,2019-03-29T12:46:55.172000Z
371,1.12379,1.12382,1759999.9905,1500000.0,2019-03-29T12:46:55.326000Z
372,1.12379,1.1238299999999999,2890000.1049,1120000.0048,2019-03-29T12:46:55.687000Z
373,1.12379,1.1238299999999999,2890000.1049,3470000.0286,2019-03-29T12:46:55.789000Z
374,1.12379,1.1238299999999999,3259999.9905,1120000.0048,2019-03-29T12:46:55.891000Z
375,1.1238000000000001,1.12382,1000000.0,1120000.0048,2019-03-29T12:46:55.993000Z
376,1.12379,1.1238299999999999,2509999.9905,1870000.0048,2019-03-29T12:46:56.095000Z
377,1.1238000000000001,1.12382,1500000.0,1500000.0,2019-03-29T12:46:56.637000Z
378,1.12379,1.1238299999999999,2890000.1049,1500000.0,2019-03-29T12:46:56.790000Z
379,1.1238000000000001,1.12382,1120000.0048,1000000.0,2019-03-29T12:46:56.981000Z
380,1.12379,1.1238299999999999,4389999.8665,1570000.0525,2019-03-29T12:46:57.083000Z
381,1.12379,1.12382,5639999.8665,1000000.0,2019-03-29T12:46:57.546000Z
382,1.12379,1.12382,1690000.0572,3869999.8856,2019-03-29T12:46:57.656000Z
383,1.12379,1.1238000000000001,1000000.0,1120000.0048,2019-03-29T12:46:57.762000Z
384,1.12379,1.12382,3940000.0572,1500000.0,2019-03-29T12:46:57.864000Z
385,1.12379,1.1238299999999999,4690000.0572,1200000.0477,2019-03-29T12:46:57.988000Z
386,1.1238000000000001,1.1238299999999999,1000000.0,1500000.0,2019-03-29T12:46:58.193000Z
387,1.12379,1.1238299999999999,5139999.8665,1000000.0,2019-03-29T12:46:58.295000Z
388,1.1238000000000001,1.1238299999999999,1120000.0048,1840000.0334,2019-03-29T12:46:58.492000Z
389,1.12379,1.1238299999999999,6639999.8665,1000000.0,2019-03-29T12:46:58.645000Z
390,1.1238000000000001,1.1238299999999999,1000000.0,1000000.0,2019-03-29T12:46:59.593000Z
391,1.12379,1.1238299999999999,3640000.1049,1000000.0,2019-03-29T12:46:59.699000Z
392,1.12379,1.12384,4010000.2289,3299999.9523,2019-03-29T12:46:59.802000Z
393,1.1238000000000001,1.12384,1950000.0477,7070000.1717,2019-03-29T12:47:00.026000Z
394,1.1238100000000002,1.12384,1250000.0,3849999.9046,2019-03-29T12:47:00.622000Z
395,1.1238299999999999,1.1238700000000001,4760000.2289,3470000.0286,2019-03-29T12:47:00.724000Z
396,1.12384,1.1238700000000001,1000000.0,3450000.0477,2019-03-29T12:47:00.827000Z
397,1.12384,1.12386,2720000.0286,1120000.0048,2019-03-29T12:47:00.978000Z
398,1.12384,1.1238700000000001,4219999.7902,1870000.0048,2019-03-29T12:47:01.080000Z
399,1.1238299999999999,1.12384,2700000.0477,2440000.0572,2019-03-29T12:47:01.182000Z
400,1.1238100000000002,1.12384,1120000.0048,1590000.0334,2019-03-29T12:47:01.285000Z
401,1.1238100000000002,1.1238299999999999,1570000.0525,1590000.0334,2019-03-29T12:47:01.443000Z
402,1.1238100000000002,1.1238299999999999,1120000.0048,1120000.0048,2019-03-29T12:47:01.739000Z
403,1.1238000000000001,1.12384,3940000.0572,5489999.7711,2019-03-29T12:47:02.531000Z
404,1.1238000000000001,1.1238299999999999,5440000.0572,1590000.0334,2019-03-29T12:47:02.684000Z
405,1.1238000000000001,1.12384,1690000.0572,2490000.0095,2019-03-29T12:47:03.020000Z
406,1.1238000000000001,1.1238299999999999,2250000.0,2339999.9142,2019-03-29T12:47:03.325000Z
407,1.1238000000000001,1.1238299999999999,1100000.0238,1120000.0048,2019-03-29T12:47:03.427000Z
408,1.1238299999999999,1.12384,1500000.0,3819999.9332,2019-03-29T12:47:04.145000Z
409,1.12382,1.12385,1000000.0,11140000.3433,2019-03-29T12:47:04.287000Z
410,1.12382,1.12384,1000000.0,2319999.9332,2019-03-29T12:47:04.389000Z
411,1.12382,1.12385,1100000.0238,11920000.0763,2019-03-29T12:47:04.492000Z
412,1.12382,1.12384,1000000.0,1100000.0238,2019-03-29T12:47:04.594000Z
413,1.1238299999999999,1.12384,1000000.0,1200000.0477,2019-03-29T12:47:04.848000Z
414,1.12382,1.12385,1000000.0,10859999.6567,2019-03-29T12:47:05.234000Z
415,1.12379,1.1238000000000001,8319999.6948,1500000.0,2019-03-29T12:47:05.973000Z
416,1.1237700000000002,1.12379,1000000.0,1620000.0048,2019-03-29T12:47:06.080000Z
417,1.12376,1.12378,1389999.9857,1100000.0238,2019-03-29T12:47:06.184000Z
418,1.12375,1.12379,3259999.9905,1970000.0286,2019-03-29T12:47:06.339000Z
419,1.12376,1.12379,1000000.0,4199999.8093,2019-03-29T12:47:06.443000Z
420,1.12375,1.12379,6639999.8665,1100000.0238,2019-03-29T12:47:06.714000Z
421,1.12375,1.1238000000000001,6820000.1717,5949999.8093,2019-03-29T12:47:06.817000Z
422,1.12375,1.12379,4949999.8093,1000000.0,2019-03-29T12:47:06.920000Z
423,1.12376,1.12379,1000000.0,3000000.0,2019-03-29T12:47:07.022000Z
424,1.12375,1.12379,3069999.9332,1570000.0525,2019-03-29T12:47:07.289000Z
425,1.12376,1.1238000000000001,4949999.8093,1100000.0238,2019-03-29T12:47:08.120000Z
426,1.12378,1.1238000000000001,1000000.0,2619999.8856,2019-03-29T12:47:08.222000Z
427,1.12379,1.12382,3000000.0,5050000.1907,2019-03-29T12:47:08.325000Z
428,1.12379,1.12382,1500000.0,1950000.0477,2019-03-29T12:47:08.429000Z
429,1.12379,1.1238100000000002,6000000.0,1000000.0,2019-03-29T12:47:08.756000Z
430,1.12379,1.12382,3750000.0,3369999.8856,2019-03-29T12:47:08.882000Z
431,1.12379,1.1238100000000002,3450000.0477,1000000.0,2019-03-29T12:47:09.573000Z
432,1.12379,1.12382,3819999.9332,1870000.0048,2019-03-29T12:47:09.675000Z
433,1.12379,1.1238100000000002,1570000.0525,1000000.0,2019-03-29T12:47:10.109000Z
434,1.12379,1.1238100000000002,3069999.9332,1000000.0,2019-03-29T12:47:10.467000Z
435,1.1238100000000002,1.12382,1120000.0048,2250000.0,2019-03-29T12:47:10.570000Z
436,1.1238100000000002,1.12384,2700000.0477,2619999.8856,2019-03-29T12:47:10.673000Z
437,1.12382,1.12384,1250000.0,1250000.0,2019-03-29T12:47:10.776000Z
438,1.1238100000000002,1.12384,2619999.8856,4869999.8856,2019-03-29T12:47:10.980000Z
439,1.1238100000000002,1.1238299999999999,1870000.0048,1000000.0,2019-03-29T12:47:11.286000Z
440,1.1238000000000001,1.12384,7889999.8665,3000000.0,2019-03-29T12:47:11.388000Z
441,1.1238000000000001,1.1238299999999999,7010000.2289,1000000.0,2019-03-29T12:47:12.134000Z
442,1.1238000000000001,1.12382,5139999.8665,1000000.0,2019-03-29T12:47:12.620000Z
443,1.1238000000000001,1.1238299999999999,5139999.8665,1500000.0,2019-03-29T12:47:12.755000Z
444,1.1238100000000002,1.1238299999999999,1500000.0,1500000.0,2019-03-29T12:47:13.303000Z
445,1.12382,1.12384,1370000.0048,2700000.0477,2019-03-29T12:47:13.887000Z
446,1.12382,1.12385,6320000.1717,3750000.0,2019-03-29T12:47:14.075000Z
447,1.12384,1.12386,3440000.0572,3519999.9809,2019-03-29T12:47:14.228000Z
448,1.12384,1.1238700000000001,4389999.8665,1500000.0,2019-03-29T12:47:14.330000Z
449,1.12384,1.12388,3640000.1049,1500000.0,2019-03-29T12:47:14.381000Z
450,1.12385,1.1238700000000001,1000000.0,1000000.0,2019-03-29T12:47:14.490000Z
451,1.12384,1.12388,3259999.9905,2319999.9332,2019-03-29T12:47:14.592000Z
452,1.12384,1.1238700000000001,5510000.2289,1000000.0,2019-03-29T12:47:14.898000Z
453,1.12384,1.12388,4760000.2289,1500000.0,2019-03-29T12:47:15Z
454,1.12385,1.12388,1000000.0,2319999.9332,2019-03-29T12:47:15.130000Z
455,1.12384,1.12388,6260000.2289,2319999.9332,2019-03-29T12:47:15.232000Z
456,1.12385,1.12388,1120000.0048,4949999.8093,2019-03-29T12:47:15.436000Z
457,1.12384,1.12388,3640000.1049,2250000.0,2019-03-29T12:47:15.539000Z
458,1.12385,1.12388,1000000.0,4869999.8856,2019-03-29T12:47:15.651000Z
459,1.12384,1.12388,3259999.9905,2250000.0,2019-03-29T12:47:15.788000Z
460,1.12384,1.1238700000000001,10010000.2289,1120000.0048,2019-03-29T12:47:16.045000Z
461,1.12384,1.12388,2509999.9905,1870000.0048,2019-03-29T12:47:16.382000Z
462,1.12385,1.12388,1000000.0,3730000.0191,2019-03-29T12:47:17.532000Z
463,1.12384,1.12388,6639999.8665,2250000.0,2019-03-29T12:47:17.634000Z
464,1.12385,1.12388,1120000.0048,4480000.0191,2019-03-29T12:47:17.884000Z
465,1.12386,1.12388,1250000.0,1120000.0048,2019-03-29T12:47:17.935000Z
466,1.12388,1.1239000000000001,1750000.0,1649999.9762,2019-03-29T12:47:18.038000Z
467,1.12388,1.12389,1000000.0,2250000.0,2019-03-29T12:47:18.140000Z
468,1.12386,1.12389,3890000.1049,2440000.0572,2019-03-29T12:47:18.242000Z
469,1.12386,1.12389,1970000.0286,2500000.0,2019-03-29T12:47:18.547000Z
470,1.12385,1.12388,3069999.9332,1250000.0,2019-03-29T12:47:19.224000Z
471,1.12385,1.12388,2450000.0477,2809999.9428,2019-03-29T12:47:20.135000Z
472,1.12385,1.12388,3369999.8856,2059999.9428,2019-03-29T12:47:20.288000Z
473,1.12385,1.12388,1620000.0048,1690000.0572,2019-03-29T12:47:20.646000Z
474,1.12385,1.12388,1500000.0,2440000.0572,2019-03-29T12:47:20.926000Z
475,1.12384,1.12388,4760000.2289,1250000.0,2019-03-29T12:47:21.028000Z
476,1.12385,1.1238700000000001,1000000.0,1120000.0048,2019-03-29T12:47:21.282000Z
477,1.12385,1.12388,1000000.0,1009999.9905,2019-03-29T12:47:21.608000Z
478,1.12384,1.12388,4760000.2289,1009999.9905,2019-03-29T12:47:21.725000Z
479,1.12385,1.12388,1000000.0,1759999.9905,2019-03-29T12:47:22.015000Z
480,1.12384,1.12389,4010000.2289,8260000.2289,2019-03-29T12:47:22.168000Z
481,1.12384,1.12388,6760000.2289,2799999.9523,2019-03-29T12:47:22.404000Z
482,1.12384,1.12389,4010000.2289,7510000.2289,2019-03-29T12:47:22.540000Z
483,1.12385,1.12389,1120000.0048,3769999.9809,2019-03-29T12:47:23.074000Z
484,1.12384,1.12388,4010000.2289,1309999.9428,2019-03-29T12:47:23.256000Z
485,1.12385,1.12388,2619999.8856,1750000.0,2019-03-29T12:47:23.581000Z
486,1.12384,1.12389,8510000.2289,7909999.8474,2019-03-29T12:47:23.995000Z
487,1.12385,1.12389,1000000.0,11029999.733,2019-03-29T12:47:24.097000Z
488,1.12384,1.12388,4389999.8665,1799999.9523,2019-03-29T12:47:24.201000Z
489,1.12384,1.12385,1000000.0,2440000.0572,2019-03-29T12:47:24.617000Z
490,1.1238100000000002,1.1238299999999999,1000000.0,1000000.0,2019-03-29T12:47:24.669000Z
491,1.1238000000000001,1.1238299999999999,5510000.2289,1500000.0,2019-03-29T12:47:24.773000Z
492,1.1238100000000002,1.1238299999999999,1500000.0,1000000.0,2019-03-29T12:47:24.876000Z
493,1.1238000000000001,1.1238299999999999,4389999.8665,1000000.0,2019-03-29T12:47:24.978000Z
494,1.1238000000000001,1.1238299999999999,4159999.8474,3000000.0,2019-03-29T12:47:25.234000Z
495,1.1238000000000001,1.12384,6409999.8474,4369999.8856,2019-03-29T12:47:25.647000Z
496,1.1238000000000001,1.12384,6789999.9619,5239999.7711,2019-03-29T12:47:25.903000Z
497,1.12382,1.12384,1250000.0,2500000.0,2019-03-29T12:47:26.005000Z
498,1.12382,1.1238299999999999,1250000.0,1000000.0,2019-03-29T12:47:26.250000Z
499,1.12382,1.12384,1250000.0,1389999.9857,2019-03-29T12:47:26.352000Z
500,1.1238000000000001,1.12384,4539999.9619,1200000.0477,2019-03-29T12:47:26.846000Z
501,1.1238000000000001,1.1238299999999999,4159999.8474,1000000.0,2019-03-29T12:47:27.227000Z
502,1.1238100000000002,1.12384,1200000.0477,1950000.0477,2019-03-29T12:47:27.377000Z
503,1.12384,1.12385,1000000.0,2309999.9428,2019-03-29T12:47:30.538000Z
504,1.12384,1.1238700000000001,1250000.0,3750000.0,2019-03-29T12:47:30.640000Z
505,1.12384,1.12389,6260000.2289,5949999.8093,2019-03-29T12:47:30.765000Z
506,1.12385,1.12388,2250000.0,4110000.1335,2019-03-29T12:47:30.867000Z
507,1.12384,1.12389,4010000.2289,7070000.1717,2019-03-29T12:47:30.974000Z
508,1.12384,1.12388,4010000.2289,1500000.0,2019-03-29T12:47:31.134000Z
509,1.12384,1.12389,4010000.2289,4820000.1717,2019-03-29T12:47:31.266000Z
510,1.12385,1.12388,2250000.0,2619999.8856,2019-03-29T12:47:31.534000Z
511,1.12384,1.12388,5889999.8665,1120000.0048,2019-03-29T12:47:31.636000Z
512,1.12385,1.12388,1000000.0,1870000.0048,2019-03-29T12:47:31.738000Z
513,1.12384,1.12388,5139999.8665,1120000.0048,2019-03-29T12:47:31.942000Z
514,1.12385,1.12388,2250000.0,1870000.0048,2019-03-29T12:47:32.044000Z
515,1.12384,1.12389,5139999.8665,5139999.8665,2019-03-29T12:47:32.162000Z
516,1.12385,1.12389,2250000.0,9390000.3433,2019-03-29T12:47:32.366000Z
517,1.12384,1.12389,5139999.8665,5590000.1526,2019-03-29T12:47:32.469000Z
518,1.12385,1.12389,2250000.0,9390000.3433,2019-03-29T12:47:32.700000Z
519,1.12384,1.12389,4500000.0,4389999.8665,2019-03-29T12:47:33.270000Z
520,1.12384,1.12389,5639999.8665,5610000.1335,2019-03-29T12:47:33.688000Z
521,1.12388,1.12389,4570000.1717,1870000.0048,2019-03-29T12:47:33.806000Z
522,1.1239000000000001,1.1239299999999999,1759999.9905,1200000.0477,2019-03-29T12:47:33.858000Z
523,1.12389,1.1239100000000002,2470000.0286,1000000.0,2019-03-29T12:47:33.909000Z
524,1.12388,1.1239000000000001,2910000.0858,1000000.0,2019-03-29T12:47:34.011000Z
525,1.1238700000000001,1.1239100000000002,7670000.0763,6369999.8856,2019-03-29T12:47:34.113000Z
526,1.1238700000000001,1.1239000000000001,4800000.1907,2809999.9428,2019-03-29T12:47:34.267000Z
527,1.12385,1.12389,1250000.0,4199999.8093,2019-03-29T12:47:34.318000Z
528,1.12385,1.12388,2059999.9428,1870000.0048,2019-03-29T12:47:34.420000Z
529,1.12384,1.12389,8220000.267,2700000.0477,2019-03-29T12:47:34.573000Z
530,1.12384,1.12388,10899999.6185,1120000.0048,2019-03-29T12:47:34.841000Z
531,1.12384,1.12389,6659999.8474,5889999.8665,2019-03-29T12:47:34.944000Z
532,1.12385,1.12389,1100000.0238,8159999.8474,2019-03-29T12:47:35.046000Z
533,1.12384,1.12389,5139999.8665,2990000.0095,2019-03-29T12:47:35.851000Z
534,1.12385,1.12389,1120000.0048,1860000.0143,2019-03-29T12:47:37.077000Z
535,1.1238700000000001,1.12388,1250000.0,2319999.9332,2019-03-29T12:47:38.237000Z
536,1.12388,1.1239100000000002,1309999.9428,5469999.7902,2019-03-29T12:47:38.340000Z
537,1.12389,1.12392,1000000.0,5320000.1717,2019-03-29T12:47:38.392000Z
538,1.12389,1.12392,3720000.0286,2700000.0477,2019-03-29T12:47:38.494000Z
539,1.1239000000000001,1.12392,1450000.0477,1120000.0048,2019-03-29T12:47:38.905000Z
540,1.1239000000000001,1.12392,1009999.9905,1120000.0048,2019-03-29T12:47:39.007000Z
541,1.1239000000000001,1.12392,1350000.0238,1120000.0048,2019-03-29T12:47:39.110000Z
542,1.1239000000000001,1.1239299999999999,1250000.0,2250000.0,2019-03-29T12:47:40.001000Z
543,1.1239000000000001,1.1239299999999999,1250000.0,3119999.8856,2019-03-29T12:47:40.207000Z
544,1.1239000000000001,1.1239299999999999,1250000.0,2250000.0,2019-03-29T12:47:40.345000Z
545,1.1239000000000001,1.1239299999999999,1250000.0,4619999.8856,2019-03-29T12:47:40.942000Z
546,1.1239000000000001,1.1239299999999999,1250000.0,3000000.0,2019-03-29T12:47:41.044000Z
547,1.12392,1.1239299999999999,1000000.0,1120000.0048,2019-03-29T12:47:41.278000Z
548,1.1239299999999999,1.12395,1000000.0,4070000.1717,2019-03-29T12:47:41.382000Z
549,1.12396,1.1239700000000001,1250000.0,1870000.0048,2019-03-29T12:47:41.433000Z
550,1.124,1.12402,1000000.0,3470000.0286,2019-03-29T12:47:41.536000Z
551,1.124,1.12403,2099999.9046,4199999.8093,2019-03-29T12:47:41.650000Z
552,1.12399,1.12403,4539999.9619,5349999.9046,2019-03-29T12:47:41.752000Z
553,1.124,1.12403,1970000.0286,6449999.8093,2019-03-29T12:47:41.854000Z
554,1.124,1.12402,1220000.0286,1500000.0,2019-03-29T12:47:41.956000Z
555,1.124,1.12403,1220000.0286,6449999.8093,2019-03-29T12:47:42.058000Z
556,1.124,1.12402,1220000.0286,1870000.0048,2019-03-29T12:47:42.240000Z
557,1.12399,1.12403,2289999.9619,6449999.8093,2019-03-29T12:47:42.445000Z
558,1.12399,1.12402,3039999.9619,1000000.0,2019-03-29T12:47:42.751000Z
559,1.124,1.12402,1220000.0286,1120000.0048,2019-03-29T12:47:43.316000Z
560,1.12399,1.12402,3410000.0858,1120000.0048,2019-03-29T12:47:43.486000Z
561,1.12399,1.12403,3410000.0858,1870000.0048,2019-03-29T12:47:43.588000Z
562,1.124,1.12402,1100000.0238,1500000.0,2019-03-29T12:47:43.744000Z
563,1.12399,1.12403,3410000.0858,1950000.0477,2019-03-29T12:47:43.898000Z
564,1.12399,1.12403,5159999.8474,4969999.7902,2019-03-29T12:47:44.680000Z
565,1.12398,1.124,4349999.9046,2250000.0,2019-03-29T12:47:44.732000Z
566,1.12398,1.12399,1000000.0,1000000.0,2019-03-29T12:47:44.834000Z
567,1.12396,1.12399,1200000.0477,1120000.0048,2019-03-29T12:47:44.937000Z
568,1.12395,1.1239700000000001,2539999.9619,1120000.0048,2019-03-29T12:47:45.041000Z
569,1.12396,1.12398,1200000.0477,1120000.0048,2019-03-29T12:47:45.607000Z
570,1.12395,1.12399,1600000.0238,2509999.9905,2019-03-29T12:47:45.818000Z
571,1.12395,1.12399,3099999.9046,7139999.8665,2019-03-29T12:47:45.935000Z
572,1.12395,1.1239700000000001,1970000.0286,1120000.0048,2019-03-29T12:47:46.567000Z
573,1.12395,1.12398,3819999.9332,2250000.0,2019-03-29T12:47:46.835000Z
574,1.12395,1.12398,3470000.0286,1120000.0048,2019-03-29T12:47:46.937000Z
575,1.12395,1.12398,2890000.1049,1870000.0048,2019-03-29T12:47:47.039000Z
576,1.1239299999999999,1.12394,1000000.0,1250000.0,2019-03-29T12:47:47.142000Z
577,1.1239100000000002,1.12394,2099999.9046,1690000.0572,2019-03-29T12:47:47.305000Z
578,1.1239100000000002,1.12394,1200000.0477,1690000.0572,2019-03-29T12:47:47.561000Z
579,1.12392,1.12395,1250000.0,2250000.0,2019-03-29T12:47:49.321000Z
580,1.1239299999999999,1.12395,1200000.0477,2250000.0,2019-03-29T12:47:49.424000Z
581,1.1239299999999999,1.12395,1220000.0286,4119999.8856,2019-03-29T12:47:49.527000Z
582,1.12392,1.12396,5210000.0381,1570000.0525,2019-03-29T12:47:49.683000Z
583,1.12392,1.12395,5909999.8474,1460000.0381,2019-03-29T12:47:49.990000Z
584,1.12392,1.12394,1950000.0477,2839999.9142,2019-03-29T12:47:50.164000Z
585,1.1239100000000002,1.12394,1950000.0477,3000000.0,2019-03-29T12:47:50.216000Z
586,1.1239000000000001,1.1239299999999999,1100000.0238,1000000.0,2019-03-29T12:47:50.714000Z
587,1.1239000000000001,1.1239299999999999,1600000.0238,1200000.0477,2019-03-29T12:47:51.508000Z
588,1.1239000000000001,1.12394,1200000.0477,7909999.8474,2019-03-29T12:47:51.611000Z
589,1.1239000000000001,1.1239299999999999,1720000.0286,8210000.0381,2019-03-29T12:47:51.820000Z
590,1.1239000000000001,1.12394,1600000.0238,11920000.0763,2019-03-29T12:47:51.923000Z
591,1.1239000000000001,1.1239299999999999,1600000.0238,1570000.0525,2019-03-29T12:47:52.037000Z
592,1.1239000000000001,1.12394,1600000.0238,7050000.1907,2019-03-29T12:47:53.612000Z
593,1.1239000000000001,1.1239299999999999,1720000.0286,4559999.9428,2019-03-29T12:47:53.714000Z
594,1.1239000000000001,1.1239299999999999,1720000.0286,4539999.9619,2019-03-29T12:47:53.894000Z
595,1.1239000000000001,1.12394,1600000.0238,7050000.1907,2019-03-29T12:47:54.162000Z
596,1.1239000000000001,1.1239299999999999,1720000.0286,4119999.8856,2019-03-29T12:47:54.504000Z
597,1.1239100000000002,1.12394,1000000.0,2319999.9332,2019-03-29T12:47:54.608000Z
598,1.1239299999999999,1.12395,1309999.9428,3450000.0477,2019-03-29T12:47:54.762000Z
599,1.12394,1.12395,1000000.0,1870000.0048,2019-03-29T12:47:54.922000Z
600,1.1239299999999999,1.12396,4389999.8665,5260000.2289,2019-03-29T12:47:55.024000Z
601,1.12392,1.12394,2720000.0286,1000000.0,2019-03-29T12:47:55.178000Z
602,1.12392,1.12395,1500000.0,7389999.8665,2019-03-29T12:47:55.282000Z
603,1.12392,1.12394,1200000.0477,1100000.0238,2019-03-29T12:47:55.559000Z
604,1.12392,1.12395,2319999.9332,2619999.8856,2019-03-29T12:47:55.763000Z
605,1.12392,1.12395,2509999.9905,1600000.0238,2019-03-29T12:47:56.300000Z
606,1.12392,1.12395,2140000.1049,1500000.0,2019-03-29T12:47:56.743000Z
607,1.1239299999999999,1.12395,1250000.0,1500000.0,2019-03-29T12:47:57.786000Z
608,1.12395,1.1239700000000001,1009999.9905,1200000.0477,2019-03-29T12:47:57.891000Z
609,1.12394,1.12398,4909999.8474,4010000.2289,2019-03-29T12:47:58.013000Z
610,1.12394,1.1239700000000001,3410000.0858,1120000.0048,2019-03-29T12:47:58.637000Z
611,1.1239299999999999,1.12394,2700000.0477,1120000.0048,2019-03-29T12:47:58.943000Z
612,1.12392,1.12394,1000000.0,1120000.0048,2019-03-29T12:47:59.045000Z
613,1.12389,1.1239100000000002,1950000.0477,6000000.0,2019-03-29T12:47:59.161000Z
614,1.1238700000000001,1.1239000000000001,1100000.0238,5059999.9428,2019-03-29T12:47:59.265000Z
615,1.1238700000000001,1.1239000000000001,1700000.0477,9390000.3433,2019-03-29T12:47:59.627000Z
616,1.12388,1.1239100000000002,1690000.0572,1200000.0477,2019-03-29T12:47:59.769000Z
617,1.12389,1.12392,1200000.0477,2700000.0477,2019-03-29T12:47:59.873000Z
618,1.1239100000000002,1.1239299999999999,1120000.0048,1759999.9905,2019-03-29T12:48:00.225000Z
619,1.1239000000000001,1.12394,5889999.8665,3009999.9905,2019-03-29T12:48:00.352000Z
620,1.1239000000000001,1.12392,1500000.0,1000000.0,2019-03-29T12:48:00.507000Z
621,1.1239000000000001,1.1239299999999999,1100000.0238,1309999.9428,2019-03-29T12:48:00.609000Z
622,1.12389,1.12394,5840000.1526,5250000.0,2019-03-29T12:48:01.890000Z
623,1.12389,1.1239299999999999,4760000.2289,4119999.8856,2019-03-29T12:48:01.992000Z
624,1.1239000000000001,1.1239299999999999,1000000.0,1120000.0048,2019-03-29T12:48:02.224000Z
625,1.12392,1.1239299999999999,1000000.0,1870000.0048,2019-03-29T12:48:02.804000Z
626,1.1239100000000002,1.12394,4389999.8665,1000000.0,2019-03-29T12:48:02.906000Z
627,1.1239100000000002,1.12395,3259999.9905,1309999.9428,2019-03-29T12:48:03.008000Z
628,1.12392,1.12395,1120000.0048,2809999.9428,2019-03-29T12:48:04.326000Z
629,1.1239100000000002,1.12395,3259999.9905,1309999.9428,2019-03-29T12:48:04.428000Z
630,1.12392,1.12395,1120000.0048,2440000.0572,2019-03-29T12:48:04.530000Z
631,1.1239100000000002,1.12395,3640000.1049,1309999.9428,2019-03-29T12:48:04.632000Z
632,1.1239000000000001,1.1239299999999999,11539999.9619,1120000.0048,2019-03-29T12:48:04.735000Z
633,1.1239000000000001,1.12394,2140000.1049,2819999.9332,2019-03-29T12:48:04.866000Z
634,1.1239000000000001,1.12394,6250000.0,1649999.9762,2019-03-29T12:48:05.702000Z
635,1.1239100000000002,1.12394,2559999.9428,1100000.0238,2019-03-29T12:48:05.906000Z
636,1.1239000000000001,1.12395,10600000.3815,2470000.0286,2019-03-29T12:48:06.113000Z
637,1.1239100000000002,1.12394,1389999.9857,2150000.0954,2019-03-29T12:48:06.415000Z
638,1.12389,1.12392,7389999.8665,1000000.0,2019-03-29T12:48:08.345000Z
639,1.12389,1.1239299999999999,2890000.1049,4570000.1717,2019-03-29T12:48:08.726000Z
640,1.12389,1.1239299999999999,13510000.2289,5619999.8856,2019-03-29T12:48:09.173000Z
641,1.12389,1.1239299999999999,4389999.8665,1500000.0,2019-03-29T12:48:09.277000Z
642,1.12389,1.1239299999999999,8260000.2289,2250000.0,2019-03-29T12:48:09.719000Z
643,1.12389,1.12394,3640000.1049,6650000.0954,2019-03-29T12:48:09.821000Z
644,1.1239000000000001,1.1239299999999999,1000000.0,3000000.0,2019-03-29T12:48:11.497000Z
645,1.1239100000000002,1.1239299999999999,1220000.0286,1120000.0048,2019-03-29T12:48:12.956000Z
646,1.1239100000000002,1.12394,1100000.0238,4619999.8856,2019-03-29T12:48:18.703000Z
647,1.12392,1.12395,1000000.0,2559999.9428,2019-03-29T12:48:18.806000Z
648,1.1239100000000002,1.1239299999999999,5289999.9619,1120000.0048,2019-03-29T12:48:18.908000Z
649,1.1239100000000002,1.1239299999999999,1950000.0477,1120000.0048,2019-03-29T12:48:19.010000Z
650,1.1239100000000002,1.1239299999999999,1220000.0286,2250000.0,2019-03-29T12:48:19.138000Z
651,1.1239100000000002,1.12392,1950000.0477,1000000.0,2019-03-29T12:48:19.693000Z
652,1.1239000000000001,1.1239100000000002,2700000.0477,2440000.0572,2019-03-29T12:48:19.903000Z
653,1.12388,1.1239000000000001,1950000.0477,8310000.4196,2019-03-29T12:48:20.058000Z
654,1.12386,1.12389,5159999.8474,1309999.9428,2019-03-29T12:48:20.109000Z
655,1.12386,1.12389,2890000.1049,1309999.9428,2019-03-29T12:48:20.266000Z
656,1.12386,1.12388,3450000.0477,1120000.0048,2019-03-29T12:48:20.367000Z
657,1.12385,1.12389,4159999.8474,3369999.8856,2019-03-29T12:48:20.469000Z
658,1.12386,1.12389,2470000.0286,1389999.9857,2019-03-29T12:48:20.572000Z
659,1.12386,1.12389,1009999.9905,1789999.9619,2019-03-29T12:48:20.675000Z
660,1.1238700000000001,1.12389,1100000.0238,1250000.0,2019-03-29T12:48:20.801000Z
661,1.12386,1.12389,2140000.1049,1690000.0572,2019-03-29T12:48:22.419000Z
662,1.12386,1.12388,1389999.9857,1000000.0,2019-03-29T12:48:22.522000Z
663,1.12385,1.12389,8069999.6948,2809999.9428,2019-03-29T12:48:22.625000Z
664,1.12385,1.12388,8449999.8093,1000000.0,2019-03-29T12:48:22.727000Z
665,1.12386,1.12389,1389999.9857,2140000.1049,2019-03-29T12:48:23.128000Z
666,1.12386,1.12388,1389999.9857,1000000.0,2019-03-29T12:48:23.730000Z
667,1.12386,1.12389,1389999.9857,2140000.1049,2019-03-29T12:48:23.963000Z
668,1.12386,1.12389,1570000.0525,5570000.1717,2019-03-29T12:48:24.537000Z
669,1.12386,1.1239000000000001,4099999.9046,7070000.1717,2019-03-29T12:48:25.753000Z
670,1.12386,1.12389,2319999.9332,1759999.9905,2019-03-29T12:48:26.247000Z
671,1.12386,1.12388,1200000.0477,2750000.0,2019-03-29T12:48:26.350000Z
672,1.12385,1.12388,1600000.0238,2750000.0,2019-03-29T12:48:26.452000Z
673,1.12385,1.12389,8850000.3815,5139999.8665,2019-03-29T12:48:26.916000Z
674,1.12385,1.12388,4969999.7902,1100000.0238,2019-03-29T12:48:27.018000Z
675,1.1238700000000001,1.1239000000000001,1200000.0477,1309999.9428,2019-03-29T12:48:27.181000Z
676,1.1238700000000001,1.12389,1950000.0477,1250000.0,2019-03-29T12:48:27.436000Z
677,1.1238700000000001,1.12389,1570000.0525,4409999.8474,2019-03-29T12:48:27.538000Z
678,1.12386,1.12388,2319999.9332,1000000.0,2019-03-29T12:48:27.640000Z
679,1.12386,1.12388,1220000.0286,1120000.0048,2019-03-29T12:48:29.231000Z
680,1.12385,1.12388,1200000.0477,1950000.0477,2019-03-29T12:48:29.393000Z
681,1.12385,1.12388,1100000.0238,4320000.1717,2019-03-29T12:48:29.699000Z
682,1.12385,1.1238700000000001,1570000.0525,2369999.8856,2019-03-29T12:48:30.137000Z
683,1.12384,1.12388,2140000.1049,5820000.1717,2019-03-29T12:48:30.393000Z
684,1.12384,1.1238700000000001,3640000.1049,2339999.9142,2019-03-29T12:48:31.364000Z
685,1.12384,1.1238700000000001,3640000.1049,1870000.0048,2019-03-29T12:48:31.465000Z
686,1.12385,1.12388,1000000.0,7670000.0763,2019-03-29T12:48:31.642000Z
687,1.12384,1.12388,2160000.0858,5320000.1717,2019-03-29T12:48:31.846000Z
688,1.12384,1.1238700000000001,4389999.8665,1000000.0,2019-03-29T12:48:32.050000Z
689,1.12385,1.12388,3319999.9332,2140000.1049,2019-03-29T12:48:32.487000Z
690,1.12386,1.12389,3640000.1049,1100000.0238,2019-03-29T12:48:32.643000Z
691,1.12388,1.1239100000000002,4369999.8856,9949999.8093,2019-03-29T12:48:32.746000Z
692,1.12388,1.1239100000000002,3819999.9332,1690000.0572,2019-03-29T12:48:32.865000Z
693,1.12389,1.12392,1220000.0286,9449999.8093,2019-03-29T12:48:32.968000Z
694,1.12389,1.1239000000000001,1200000.0477,12569999.6948,2019-03-29T12:48:33.071000Z
695,1.1238700000000001,1.12388,1200000.0477,1250000.0,2019-03-29T12:48:33.173000Z
696,1.12386,1.12388,2470000.0286,1250000.0,2019-03-29T12:48:33.285000Z
697,1.12385,1.12388,2349999.9046,1009999.9905,2019-03-29T12:48:33.387000Z
698,1.12385,1.12388,1570000.0525,1009999.9905,2019-03-29T12:48:33.489000Z
699,1.12384,1.1238700000000001,7539999.9619,1000000.0,2019-03-29T12:48:33.796000Z
700,1.12385,1.12388,1100000.0238,2509999.9905,2019-03-29T12:48:34.106000Z
701,1.12385,1.1238700000000001,1200000.0477,2619999.8856,2019-03-29T12:48:34.208000Z
702,1.12384,1.1238700000000001,4789999.9619,7590000.1526,2019-03-29T12:48:34.756000Z
703,1.12382,1.12384,6070000.1717,3710000.0381,2019-03-29T12:48:34.859000Z
704,1.1238100000000002,1.12384,2349999.9046,2619999.8856,2019-03-29T12:48:34.963000Z
705,1.1238100000000002,1.12384,1570000.0525,7219999.7902,2019-03-29T12:48:35.065000Z
706,1.1238000000000001,1.12384,6409999.8474,4500000.0,2019-03-29T12:48:35.370000Z
707,1.12382,1.12384,1000000.0,3750000.0,2019-03-29T12:48:35.523000Z
708,1.1238299999999999,1.12384,1250000.0,1000000.0,2019-03-29T12:48:36.023000Z
709,1.1238299999999999,1.12385,1690000.0572,2619999.8856,2019-03-29T12:48:36.187000Z
710,1.12382,1.12385,2349999.9046,5190000.0572,2019-03-29T12:48:36.884000Z
711,1.1238100000000002,1.12384,1789999.9619,3750000.0,2019-03-29T12:48:36.987000Z
712,1.1238100000000002,1.1238299999999999,1789999.9619,1120000.0048,2019-03-29T12:48:37.090000Z
713,1.1238100000000002,1.12384,1789999.9619,3369999.8856,2019-03-29T12:48:37.649000Z
714,1.1238000000000001,1.12384,13220000.267,2619999.8856,2019-03-29T12:48:37.904000Z
715,1.12382,1.12385,1000000.0,8140000.3433,2019-03-29T12:48:38.097000Z
716,1.1238299999999999,1.12385,1009999.9905,1120000.0048,2019-03-29T12:48:38.201000Z
717,1.1238299999999999,1.12386,1759999.9905,1870000.0048,2019-03-29T12:48:38.303000Z
718,1.12384,1.12386,1000000.0,2619999.8856,2019-03-29T12:48:38.441000Z
719,1.1238299999999999,1.12385,1759999.9905,1000000.0,2019-03-29T12:48:38.543000Z
720,1.1238299999999999,1.12386,1350000.0238,1500000.0,2019-03-29T12:48:38.766000Z
721,1.1238299999999999,1.1238700000000001,1350000.0238,9229999.5422,2019-03-29T12:48:38.868000Z
722,1.12384,1.12386,1000000.0,3069999.9332,2019-03-29T12:48:38.970000Z
723,1.1238299999999999,1.12386,1759999.9905,1000000.0,2019-03-29T12:48:39.128000Z
724,1.1238299999999999,1.12385,1000000.0,1500000.0,2019-03-29T12:48:39.281000Z
725,1.12382,1.12386,3259999.9905,4199999.8093,2019-03-29T12:48:39.485000Z
726,1.12382,1.12384,1100000.0238,1870000.0048,2019-03-29T12:48:39.846000Z
727,1.12384,1.1238700000000001,2250000.0,3599999.9046,2019-03-29T12:48:39.950000Z
728,1.12384,1.1238700000000001,4389999.8665,1500000.0,2019-03-29T12:48:40.001000Z
729,1.1238299999999999,1.12385,4949999.8093,7280000.2098,2019-03-29T12:48:40.107000Z
730,1.12382,1.12384,1950000.0477,2589999.9142,2019-03-29T12:48:40.159000Z
731,1.12382,1.12385,1950000.0477,4869999.8856,2019-03-29T12:48:40.307000Z
732,1.12382,1.12384,1870000.0048,1120000.0048,2019-03-29T12:48:41.016000Z
733,1.1238100000000002,1.12385,10539999.9619,1200000.0477,2019-03-29T12:48:41.118000Z
734,1.12384,1.1238700000000001,1500000.0,7769999.9809,2019-03-29T12:48:41.825000Z
735,1.12384,1.12388,1309999.9428,2700000.0477,2019-03-29T12:48:41.983000Z
736,1.12384,1.12388,2140000.1049,5469999.7902,2019-03-29T12:48:42.085000Z
737,1.12384,1.12388,4309999.9428,6119999.8856,2019-03-29T12:48:43.201000Z
738,1.12385,1.12388,1120000.0048,1950000.0477,2019-03-29T12:48:43.399000Z
739,1.12386,1.12389,1120000.0048,2210000.0381,2019-03-29T12:48:44.090000Z
740,1.1238700000000001,1.12389,1000000.0,1100000.0238,2019-03-29T12:48:44.294000Z
741,1.12386,1.1238700000000001,1500000.0,1000000.0,2019-03-29T12:48:44.396000Z
742,1.12384,1.12386,2809999.9428,1090000.0334,2019-03-29T12:48:44.502000Z
743,1.12384,1.1238700000000001,2809999.9428,2589999.9142,2019-03-29T12:48:44.604000Z
744,1.12384,1.12386,1870000.0048,1000000.0,2019-03-29T12:48:44.841000Z
745,1.1238299999999999,1.12386,2059999.9428,1100000.0238,2019-03-29T12:48:44.943000Z
746,1.12384,1.12386,1120000.0048,5300000.1907,2019-03-29T12:48:45.084000Z
747,1.1238299999999999,1.12385,6190000.0572,1570000.0525,2019-03-29T12:48:45.187000Z
748,1.12382,1.12384,1120000.0048,4360000.1335,2019-03-29T12:48:45.758000Z
749,1.1238100000000002,1.12385,5510000.2289,1950000.0477,2019-03-29T12:48:45.864000Z
750,1.1238100000000002,1.12385,3640000.1049,1009999.9905,2019-03-29T12:48:45.967000Z
751,1.12382,1.12385,1120000.0048,3339999.9142,2019-03-29T12:48:46.119000Z
752,1.1238100000000002,1.12385,4389999.8665,1690000.0572,2019-03-29T12:48:46.369000Z
753,1.12382,1.12385,1000000.0,3190000.0572,2019-03-29T12:48:47.036000Z
754,1.12382,1.12385,1750000.0,1870000.0048,2019-03-29T12:48:48.894000Z
755,1.12382,1.12385,2809999.9428,1870000.0048,2019-03-29T12:48:49.367000Z
756,1.1238100000000002,1.12384,4949999.8093,1009999.9905,2019-03-29T12:48:50.068000Z
757,1.1238100000000002,1.12384,1250000.0,10489999.7711,2019-03-29T12:48:50.170000Z
758,1.1238100000000002,1.12384,2809999.9428,1570000.0525,2019-03-29T12:48:50.911000Z
759,1.1238299999999999,1.12384,1120000.0048,1000000.0,2019-03-29T12:48:51.015000Z
760,1.1238299999999999,1.12386,1250000.0,1759999.9905,2019-03-29T12:48:51.066000Z
761,1.1238299999999999,1.12385,2890000.1049,1500000.0,2019-03-29T12:48:51.171000Z
762,1.1238299999999999,1.12386,1250000.0,1759999.9905,2019-03-29T12:48:51.273000Z
763,1.1238299999999999,1.1238700000000001,1009999.9905,5289999.9619,2019-03-29T12:48:51.987000Z
764,1.1238299999999999,1.12386,3009999.9905,1000000.0,2019-03-29T12:48:52.413000Z
765,1.12382,1.12385,8350000.3815,1000000.0,2019-03-29T12:48:52.922000Z
766,1.12382,1.1238299999999999,1100000.0238,1840000.0334,2019-03-29T12:48:53.025000Z
767,1.1238100000000002,1.1238299999999999,2000000.0,1000000.0,2019-03-29T12:48:53.169000Z
768,1.1238100000000002,1.12384,2000000.0,2029999.9714,2019-03-29T12:48:53.329000Z
769,1.1238100000000002,1.1238299999999999,1500000.0,1090000.0334,2019-03-29T12:48:53.432000Z
770,1.1238000000000001,1.1238299999999999,2509999.9905,1120000.0048,2019-03-29T12:48:53.534000Z
771,1.1238100000000002,1.1238299999999999,1000000.0,4119999.8856,2019-03-29T12:48:53.794000Z
772,1.1238000000000001,1.1238299999999999,2140000.1049,1120000.0048,2019-03-29T12:48:53.998000Z
773,1.1238000000000001,1.12384,6110000.1335,2509999.9905,2019-03-29T12:48:54.766000Z
774,1.1238100000000002,1.1238299999999999,1870000.0048,1000000.0,2019-03-29T12:48:55.070000Z
775,1.1238000000000001,1.12384,5360000.1335,1009999.9905,2019-03-29T12:48:55.173000Z
776,1.1238100000000002,1.1238299999999999,1120000.0048,1120000.0048,2019-03-29T12:48:55.633000Z
777,1.1238000000000001,1.12384,4610000.1335,2559999.9428,2019-03-29T12:48:55.748000Z
778,1.1238000000000001,1.12384,5139999.8665,5340000.1526,2019-03-29T12:48:56.172000Z
779,1.1238000000000001,1.12384,6639999.8665,5210000.0381,2019-03-29T12:48:56.274000Z
780,1.1238000000000001,1.1238299999999999,8140000.3433,1000000.0,2019-03-29T12:48:56.770000Z
781,1.1238000000000001,1.12384,5889999.8665,2960000.0381,2019-03-29T12:48:56.975000Z
782,1.1238000000000001,1.12384,4610000.1335,1759999.9905,2019-03-29T12:48:57.077000Z
783,1.1238000000000001,1.1238299999999999,6860000.1335,1000000.0,2019-03-29T12:48:57.192000Z
784,1.1238000000000001,1.12384,4989999.7711,2140000.1049,2019-03-29T12:48:57.363000Z
785,1.1238000000000001,1.12384,4989999.7711,2160000.0858,2019-03-29T12:48:57.465000Z
786,1.1238000000000001,1.12384,4989999.7711,8510000.2289,2019-03-29T12:48:58.559000Z
787,1.1238100000000002,1.1238299999999999,1000000.0,1120000.0048,2019-03-29T12:48:59.348000Z
788,1.12382,1.12384,1500000.0,2319999.9332,2019-03-29T12:48:59.667000Z
789,1.12384,1.1238700000000001,2059999.9428,1720000.0286,2019-03-29T12:48:59.799000Z
790,1.12385,1.12388,1100000.0238,12310000.4196,2019-03-29T12:48:59.851000Z
791,1.12385,1.12388,5659999.8474,1000000.0,2019-03-29T12:49:00.056000Z
792,1.12386,1.12389,5699999.8093,3339999.9142,2019-03-29T12:49:00.159000Z
793,1.12388,1.1239000000000001,1000000.0,2250000.0,2019-03-29T12:49:00.264000Z
794,1.12389,1.1239100000000002,4010000.2289,1000000.0,2019-03-29T12:49:00.366000Z
795,1.12389,1.1239299999999999,3940000.0572,1100000.0238,2019-03-29T12:49:00.469000Z
796,1.1239000000000001,1.1239299999999999,1750000.0,1100000.0238,2019-03-29T12:49:00.520000Z
797,1.12392,1.12394,3750000.0,4019999.9809,2019-03-29T12:49:00.622000Z
798,1.12392,1.1239299999999999,1500000.0,1500000.0,2019-03-29T12:49:00.734000Z
799,1.1239100000000002,1.12394,4570000.1717,2890000.1049,2019-03-29T12:49:00.836000Z
800,1.1239000000000001,1.12394,7309999.9428,1860000.0143,2019-03-29T12:49:00.938000Z
801,1.1239100000000002,1.12394,1000000.0,5179999.8283,2019-03-29T12:49:01.040000Z
802,1.1239000000000001,1.12394,7309999.9428,1840000.0334,2019-03-29T12:49:01.142000Z
803,1.1239100000000002,1.12394,1000000.0,7429999.8283,2019-03-29T12:49:01.344000Z
804,1.1239100000000002,1.1239299999999999,3369999.8856,1570000.0525,2019-03-29T12:49:01.447000Z
805,1.1239100000000002,1.12394,1120000.0048,10060000.4196,2019-03-29T12:49:01.599000Z
806,1.12392,1.12394,3559999.9428,1200000.0477,2019-03-29T12:49:01.702000Z
807,1.1239299999999999,1.12395,1120000.0048,2319999.9332,2019-03-29T12:49:01.804000Z
808,1.12392,1.12395,2059999.9428,1200000.0477,2019-03-29T12:49:02.321000Z
809,1.1239299999999999,1.12395,1120000.0048,1100000.0238,2019-03-29T12:49:02.423000Z
810,1.1239299999999999,1.12396,3559999.9428,4389999.8665,2019-03-29T12:49:02.809000Z
811,1.12395,1.12396,1250000.0,1950000.0477,2019-03-29T12:49:02.911000Z
812,1.12396,1.12399,1159999.9666,4070000.1717,2019-03-29T12:49:03.014000Z
813,1.1239700000000001,1.12399,3940000.0572,1100000.0238,2019-03-29T12:49:03.116000Z
814,1.1239700000000001,1.124,3940000.0572,3069999.9332,2019-03-29T12:49:03.249000Z
815,1.12398,1.124,1000000.0,1100000.0238,2019-03-29T12:49:03.351000Z
816,1.1239700000000001,1.124,4690000.0572,3069999.9332,2019-03-29T12:49:03.454000Z
817,1.1239700000000001,1.124,1250000.0,2049999.9523,2019-03-29T12:49:03.837000Z
818,1.1239700000000001,1.124,1250000.0,1950000.0477,2019-03-29T12:49:04.079000Z
819,1.12396,1.124,8850000.3815,2140000.1049,2019-03-29T12:49:05.038000Z
820,1.12395,1.12399,6190000.0572,1179999.9475,2019-03-29T12:49:05.140000Z
821,1.12395,1.12399,8060000.4196,4420000.0763,2019-03-29T12:49:05.313000Z
822,1.12395,1.12399,3190000.0572,1179999.9475,2019-03-29T12:49:05.415000Z
823,1.12395,1.12398,5809999.9428,1480000.0191,2019-03-29T12:49:05.569000Z
824,1.12395,1.1239700000000001,4500000.0,2599999.9046,2019-03-29T12:49:05.831000Z
825,1.12394,1.12395,3069999.9332,1000000.0,2019-03-29T12:49:05.883000Z
826,1.12392,1.12395,2059999.9428,4639999.8665,2019-03-29T12:49:05.935000Z
827,1.1239100000000002,1.12395,4750000.0,3900000.0954,2019-03-29T12:49:06.470000Z
828,1.1239100000000002,1.12395,3250000.0,2049999.9523,2019-03-29T12:49:06.650000Z
829,1.1239100000000002,1.12395,3250000.0,2769999.9809,2019-03-29T12:49:06.806000Z
830,1.12392,1.12394,1250000.0,1120000.0048,2019-03-29T12:49:06.949000Z
831,1.1239100000000002,1.12395,3250000.0,2019999.9809,2019-03-29T12:49:07.078000Z
832,1.12392,1.12394,1000000.0,4869999.8856,2019-03-29T12:49:07.294000Z
833,1.1239000000000001,1.1239299999999999,3819999.9332,1950000.0477,2019-03-29T12:49:07.396000Z
834,1.1239000000000001,1.1239299999999999,2190000.0572,1970000.0286,2019-03-29T12:49:07.517000Z
835,1.1239000000000001,1.12394,3759999.9905,10399999.6185,2019-03-29T12:49:07.774000Z
836,1.1239000000000001,1.12394,2190000.0572,11750000.0,2019-03-29T12:49:08.553000Z
837,1.1239000000000001,1.1239299999999999,2190000.0572,3750000.0,2019-03-29T12:49:08.706000Z
838,1.1239000000000001,1.12394,2190000.0572,9880000.1144,2019-03-29T12:49:09.162000Z
839,1.1239000000000001,1.1239299999999999,1750000.0,2250000.0,2019-03-29T12:49:09.540000Z
840,1.1239000000000001,1.12394,2190000.0572,9149999.6185,2019-03-29T12:49:09.642000Z
841,1.1239100000000002,1.1239299999999999,1120000.0048,1600000.0238,2019-03-29T12:49:09.810000Z
842,1.1239000000000001,1.1239100000000002,2250000.0,1000000.0,2019-03-29T12:49:10.308000Z
843,1.12388,1.1239100000000002,4469999.7902,1000000.0,2019-03-29T12:49:10.359000Z
844,1.12389,1.12392,1759999.9905,1000000.0,2019-03-29T12:49:10.462000Z
845,1.12389,1.1239100000000002,1690000.0572,1000000.0,2019-03-29T12:49:10.725000Z
846,1.12389,1.12392,1250000.0,1000000.0,2019-03-29T12:49:10.928000Z
847,1.1239000000000001,1.12392,1370000.0048,1120000.0048,2019-03-29T12:49:11.643000Z
848,1.1239000000000001,1.1239299999999999,3619999.8856,9050000.1907,2019-03-29T12:49:11.745000Z
849,1.12389,1.12392,1309999.9428,1000000.0,2019-03-29T12:49:11.951000Z
850,1.12389,1.1239100000000002,3259999.9905,1000000.0,2019-03-29T12:49:12.124000Z
851,1.12389,1.1239000000000001,1250000.0,1000000.0,2019-03-29T12:49:12.573000Z
852,1.12388,1.1239100000000002,3250000.0,1000000.0,2019-03-29T12:49:12.676000Z
853,1.12389,1.1239299999999999,1309999.9428,3920000.0763,2019-03-29T12:49:13.220000Z
854,1.1239100000000002,1.12394,1500000.0,6300000.1907,2019-03-29T12:49:13.323000Z
855,1.1239100000000002,1.12394,1500000.0,3549999.9523,2019-03-29T12:49:13.439000Z
856,1.1239100000000002,1.12394,3250000.0,1850000.0238,2019-03-29T12:49:13.544000Z
857,1.1239100000000002,1.12396,7369999.8856,9869999.8856,2019-03-29T12:49:13.649000Z
858,1.1239100000000002,1.1239299999999999,2319999.9332,1000000.0,2019-03-29T12:49:13.908000Z
859,1.1239000000000001,1.12394,2890000.1049,2289999.9619,2019-03-29T12:49:14.010000Z
860,1.1239000000000001,1.12394,3819999.9332,2099999.9046,2019-03-29T12:49:14.214000Z
861,1.1239299999999999,1.12396,1690000.0572,3670000.0763,2019-03-29T12:49:14.317000Z
862,1.12392,1.12395,2809999.9428,1000000.0,2019-03-29T12:49:14.420000Z
863,1.12392,1.12396,2059999.9428,5699999.8093,2019-03-29T12:49:14.879000Z
864,1.12392,1.12395,2809999.9428,1000000.0,2019-03-29T12:49:15.033000Z
865,1.12392,1.12396,1309999.9428,3450000.0477,2019-03-29T12:49:15.186000Z
866,1.12392,1.12396,4309999.9428,2049999.9523,2019-03-29T12:49:16.311000Z
867,1.12392,1.12396,4309999.9428,2319999.9332,2019-03-29T12:49:16.414000Z
868,1.1239299999999999,1.12395,1500000.0,1000000.0,2019-03-29T12:49:16.517000Z
869,1.12392,1.12396,2059999.9428,6429999.8283,2019-03-29T12:49:16.619000Z
870,1.1239299999999999,1.12395,1000000.0,1100000.0238,2019-03-29T12:49:16.772000Z
871,1.12392,1.12395,6559999.9428,1000000.0,2019-03-29T12:49:16.925000Z
872,1.12392,1.12396,5809999.9428,1950000.0477,2019-03-29T12:49:17.027000Z
873,1.1239299999999999,1.12396,2500000.0,1200000.0477,2019-03-29T12:49:17.129000Z
874,1.12395,1.12396,2440000.0572,1000000.0,2019-03-29T12:49:17.333000Z
875,1.1239700000000001,1.124,1500000.0,1350000.0238,2019-03-29T12:49:17.436000Z
876,1.1239700000000001,1.124,4500000.0,3240000.0095,2019-03-29T12:49:17.550000Z
877,1.12396,1.124,1120000.0048,12050000.1907,2019-03-29T12:49:18.008000Z
878,1.12396,1.12399,1120000.0048,4940000.0572,2019-03-29T12:49:18.316000Z
879,1.12395,1.12399,5190000.0572,1389999.9857,2019-03-29T12:49:18.418000Z
880,1.12396,1.12399,1620000.0048,2859999.8951,2019-03-29T12:49:18.818000Z
881,1.12396,1.12399,1000000.0,3339999.9142,2019-03-29T12:49:19.340000Z
882,1.12398,1.12399,1500000.0,1100000.0238,2019-03-29T12:49:19.718000Z
883,1.124,1.1240100000000002,1000000.0,1000000.0,2019-03-29T12:49:19.872000Z
884,1.12399,1.12403,5250000.0,1450000.0477,2019-03-29T12:49:19.924000Z
885,1.124,1.12403,1100000.0238,2500000.0,2019-03-29T12:49:20.077000Z
886,1.12399,1.12403,2700000.0477,2480000.0191,2019-03-29T12:49:21.097000Z
887,1.12399,1.12403,1220000.0286,3000000.0,2019-03-29T12:49:21.767000Z
888,1.12398,1.12402,4159999.8474,4690000.0572,2019-03-29T12:49:22.037000Z
889,1.12398,1.1240100000000002,3640000.1049,1870000.0048,2019-03-29T12:49:22.650000Z
890,1.12398,1.12402,1009999.9905,3240000.0095,2019-03-29T12:49:22.752000Z
891,1.1239700000000001,1.12399,1950000.0477,1000000.0,2019-03-29T12:49:22.855000Z
892,1.12396,1.12399,4949999.8093,1000000.0,2019-03-29T12:49:22.957000Z
893,1.1239700000000001,1.124,1000000.0,2509999.9905,2019-03-29T12:49:23.059000Z
894,1.124,1.1240100000000002,1000000.0,2319999.9332,2019-03-29T12:49:23.162000Z
895,1.124,1.12402,3750000.0,1100000.0238,2019-03-29T12:49:23.254000Z
896,1.124,1.12404,4219999.7902,1759999.9905,2019-03-29T12:49:23.308000Z
897,1.124,1.12404,1220000.0286,3339999.9142,2019-03-29T12:49:23.718000Z
898,1.124,1.12404,1000000.0,7090000.1526,2019-03-29T12:49:24.104000Z
899,1.12399,1.12404,7570000.1717,5650000.0954,2019-03-29T12:49:24.206000Z
900,1.124,1.12403,1000000.0,1720000.0286,2019-03-29T12:49:24.409000Z
901,1.12399,1.12404,3450000.0477,4869999.8856,2019-03-29T12:49:24.511000Z
902,1.12399,1.12403,3640000.1049,1100000.0238,2019-03-29T12:49:24.776000Z
903,1.12399,1.12404,7389999.8665,8560000.4196,2019-03-29T12:49:24.878000Z
904,1.12399,1.12404,6760000.2289,2859999.8951,2019-03-29T12:49:25.763000Z
905,1.124,1.12403,1120000.0048,1000000.0,2019-03-29T12:49:26.005000Z
906,1.12399,1.12404,2140000.1049,6079999.9237,2019-03-29T12:49:26.107000Z
907,1.124,1.12403,1000000.0,1120000.0048,2019-03-29T12:49:26.209000Z
908,1.12399,1.12404,3640000.1049,6429999.8283,2019-03-29T12:49:27.208000Z
909,1.12398,1.124,5099999.9046,2440000.0572,2019-03-29T12:49:27.260000Z
910,1.1239700000000001,1.12399,1100000.0238,1350000.0238,2019-03-29T12:49:27.364000Z
911,1.12396,1.12399,1000000.0,1350000.0238,2019-03-29T12:49:27.467000Z
912,1.12396,1.12399,2750000.0,1350000.0238,2019-03-29T12:49:27.926000Z
913,1.12396,1.12398,1120000.0048,2029999.9714,2019-03-29T12:49:28.283000Z
914,1.12396,1.12399,1000000.0,2109999.8951,2019-03-29T12:49:30.621000Z
915,1.12396,1.12398,1000000.0,1000000.0,2019-03-29T12:49:30.926000Z
916,1.12395,1.12398,1200000.0477,1120000.0048,2019-03-29T12:49:31.044000Z
917,1.12396,1.12398,1250000.0,1200000.0477,2019-03-29T12:49:34.215000Z
918,1.1239700000000001,1.124,1570000.0525,2250000.0,2019-03-29T12:49:34.266000Z
919,1.12398,1.1240100000000002,2849999.9046,6039999.9619,2019-03-29T12:49:34.369000Z
920,1.12398,1.12403,7199999.8093,8239999.7711,2019-03-29T12:49:34.472000Z
921,1.12398,1.12402,7219999.7902,1250000.0,2019-03-29T12:49:34.576000Z
922,1.12398,1.12403,5909999.8474,8859999.6567,2019-03-29T12:49:34.908000Z
923,1.12399,1.12402,1950000.0477,2589999.9142,2019-03-29T12:49:35.010000Z
924,1.12398,1.12403,6659999.8474,7360000.1335,2019-03-29T12:49:35.215000Z
925,1.12399,1.12402,1950000.0477,2589999.9142,2019-03-29T12:49:35.317000Z
926,1.12399,1.12403,1200000.0477,6610000.1335,2019-03-29T12:49:35.506000Z
927,1.12399,1.12402,9949999.8093,1840000.0334,2019-03-29T12:49:35.811000Z
928,1.12399,1.12403,7570000.1717,12529999.733,2019-03-29T12:49:35.929000Z
929,1.12399,1.12402,2819999.9332,1840000.0334,2019-03-29T12:49:36.553000Z
930,1.12399,1.12402,1200000.0477,1000000.0,2019-03-29T12:49:36.906000Z
931,1.12399,1.12403,1200000.0477,6530000.2098,2019-03-29T12:49:37.059000Z
932,1.1240100000000002,1.12403,1000000.0,1389999.9857,2019-03-29T12:49:37.672000Z
933,1.12399,1.12403,5170000.0763,1309999.9428,2019-03-29T12:49:37.774000Z
934,1.124,1.12403,1220000.0286,1309999.9428,2019-03-29T12:49:37.877000Z
935,1.124,1.12404,1570000.0525,14140000.3433,2019-03-29T12:49:38.132000Z
936,1.1240100000000002,1.12403,1120000.0048,3980000.0191,2019-03-29T12:49:40.503000Z
937,1.124,1.12403,1950000.0477,2890000.1049,2019-03-29T12:49:40.863000Z
938,1.12398,1.12402,10159999.8474,2220000.0286,2019-03-29T12:49:41.218000Z
939,1.12398,1.124,1570000.0525,4119999.8856,2019-03-29T12:49:41.327000Z
940,1.12396,1.12398,3099999.9046,1000000.0,2019-03-29T12:49:41.429000Z
941,1.12396,1.12398,1570000.0525,1250000.0,2019-03-29T12:49:41.531000Z
942,1.12395,1.12398,1000000.0,1750000.0,2019-03-29T12:49:41.634000Z
943,1.12394,1.12398,5469999.7902,3319999.9332,2019-03-29T12:49:42.027000Z
944,1.12395,1.12398,1120000.0048,3319999.9332,2019-03-29T12:49:42.267000Z
945,1.12394,1.12398,2470000.0286,6070000.1717,2019-03-29T12:49:42.631000Z
946,1.12395,1.1239700000000001,1000000.0,2059999.9428,2019-03-29T12:49:42.733000Z
947,1.12394,1.12398,3220000.0286,5949999.8093,2019-03-29T12:49:43.715000Z
948,1.12394,1.12398,4570000.1717,6320000.1717,2019-03-29T12:49:44.304000Z
949,1.12395,1.1239700000000001,1220000.0286,1250000.0,2019-03-29T12:49:44.851000Z
950,1.12394,1.12395,1000000.0,1500000.0,2019-03-29T12:49:44.955000Z
951,1.12392,1.12395,7539999.9619,1000000.0,2019-03-29T12:49:45.058000Z
952,1.12392,1.12396,6789999.9619,3369999.8856,2019-03-29T12:49:45.159000Z
953,1.1239299999999999,1.12395,1200000.0477,1000000.0,2019-03-29T12:49:45.262000Z
954,1.12392,1.12396,6789999.9619,3369999.8856,2019-03-29T12:49:45.493000Z
955,1.12392,1.12395,1200000.0477,7309999.9428,2019-03-29T12:49:45.995000Z
956,1.1239000000000001,1.12394,8960000.0381,1500000.0,2019-03-29T12:49:46.098000Z
957,1.12392,1.12394,1120000.0048,1120000.0048,2019-03-29T12:49:46.776000Z
958,1.1239299999999999,1.12395,1000000.0,3750000.0,2019-03-29T12:49:46.878000Z
959,1.12394,1.12396,1500000.0,1000000.0,2019-03-29T12:49:47.216000Z
960,1.12394,1.1239700000000001,3069999.9332,5059999.9428,2019-03-29T12:49:47.318000Z
961,1.12394,1.12396,2319999.9332,1000000.0,2019-03-29T12:49:48.922000Z
962,1.12394,1.1239700000000001,1100000.0238,1690000.0572,2019-03-29T12:49:49.531000Z
963,1.12394,1.12396,2319999.9332,1000000.0,2019-03-29T12:49:49.634000Z
964,1.1239299999999999,1.1239700000000001,5159999.8474,1250000.0,2019-03-29T12:49:49.737000Z
965,1.1239299999999999,1.12396,4199999.8093,1870000.0048,2019-03-29T12:49:51.219000Z
966,1.1239100000000002,1.12394,2349999.9046,3559999.9428,2019-03-29T12:49:51.377000Z
967,1.1239100000000002,1.12394,1200000.0477,6690000.0572,2019-03-29T12:49:51.479000Z
968,1.1239100000000002,1.12394,1970000.0286,6690000.0572,2019-03-29T12:49:51.582000Z
969,1.1239100000000002,1.12394,1220000.0286,1690000.0572,2019-03-29T12:49:51.685000Z
970,1.1239000000000001,1.12394,7159999.8474,3559999.9428,2019-03-29T12:49:52.403000Z
971,1.12392,1.12394,1500000.0,2619999.8856,2019-03-29T12:49:52.659000Z
972,1.12394,1.12396,1000000.0,2049999.9523,2019-03-29T12:49:52.761000Z
973,1.12394,1.1239700000000001,1000000.0,10890000.3433,2019-03-29T12:49:52.863000Z
974,1.12394,1.12396,1120000.0048,3250000.0,2019-03-29T12:49:53.024000Z
975,1.12394,1.12396,1000000.0,3000000.0,2019-03-29T12:49:53.126000Z
976,1.12394,1.1239700000000001,2509999.9905,2809999.9428,2019-03-29T12:49:53.230000Z
977,1.12395,1.12398,1000000.0,6250000.0,2019-03-29T12:49:53.898000Z
978,1.12395,1.12398,1950000.0477,1870000.0048,2019-03-29T12:49:54Z
979,1.12395,1.12399,2099999.9046,3859999.8951,2019-03-29T12:49:54.103000Z
980,1.12395,1.12398,1600000.0238,1250000.0,2019-03-29T12:49:54.205000Z
981,1.12394,1.12398,3470000.0286,3190000.0572,2019-03-29T12:49:54.313000Z
982,1.12395,1.1239700000000001,1100000.0238,1000000.0,2019-03-29T12:49:54.466000Z
983,1.12394,1.12398,2720000.0286,2059999.9428,2019-03-29T12:49:54.897000Z
984,1.12394,1.1239700000000001,4969999.7902,1000000.0,2019-03-29T12:49:57.132000Z
985,1.12395,1.12398,1000000.0,7460000.0381,2019-03-29T12:49:57.279000Z
986,1.12394,1.12398,2250000.0,2140000.1049,2019-03-29T12:49:57.432000Z
987,1.12395,1.12398,1000000.0,5889999.8665,2019-03-29T12:49:57.534000Z
988,1.12394,1.1239700000000001,1870000.0048,1570000.0525,2019-03-29T12:49:57.636000Z
989,1.12394,1.12398,2619999.8856,5889999.8665,2019-03-29T12:49:57.840000Z
990,1.12394,1.1239700000000001,6000000.0,2250000.0,2019-03-29T12:49:57.952000Z
991,1.12395,1.12398,1000000.0,9710000.0381,2019-03-29T12:49:58.054000Z
992,1.12394,1.12398,3369999.8856,5889999.8665,2019-03-29T12:49:58.207000Z
993,1.12395,1.12399,1000000.0,3190000.0572,2019-03-29T12:49:58.311000Z
994,1.12394,1.12399,16010000.2289,2450000.0477,2019-03-29T12:49:58.415000Z
995,1.12394,1.12398,9340000.1526,1570000.0525,2019-03-29T12:49:58.776000Z
996,1.12395,1.12398,1120000.0048,4500000.0,2019-03-29T12:49:58.878000Z
997,1.12394,1.12398,4239999.7711,1500000.0,2019-03-29T12:49:59.762000Z
998,1.12394,1.1239700000000001,9489999.7711,1000000.0,2019-03-29T12:49:59.864000Z
999,1.12395,1.12398,1250000.0,5110000.1335,2019-03-29T12:50:00.629000Z
1000,1.12396,1.124,1759999.9905,11300000.1907,2019-03-29T12:50:00.743000Z
1001,1.12396,1.12398,1500000.0,2440000.0572,2019-03-29T12:50:00.847000Z
1002,1.12395,1.12399,2849999.9046,4300000.1907,2019-03-29T12:50:01.545000Z
1003,1.12396,1.12399,1000000.0,6170000.0763,2019-03-29T12:50:01.845000Z
1004,1.12395,1.12399,2849999.9046,3170000.0763,2019-03-29T12:50:02.159000Z
1005,1.1239700000000001,1.12399,1690000.0572,2319999.9332,2019-03-29T12:50:03.430000Z
1006,1.12399,1.124,2440000.0572,3069999.9332,2019-03-29T12:50:03.542000Z
1007,1.124,1.12402,1250000.0,1570000.0525,2019-03-29T12:50:03.644000Z
1008,1.124,1.12403,1250000.0,2809999.9428,2019-03-29T12:50:03.747000Z
1009,1.124,1.12403,3309999.9428,4760000.2289,2019-03-29T12:50:04.053000Z
1010,1.12402,1.12404,1000000.0,5500000.0,2019-03-29T12:50:04.721000Z
1011,1.1240100000000002,1.12405,10409999.8474,1759999.9905,2019-03-29T12:50:04.916000Z
1012,1.12402,1.12405,1600000.0238,1690000.0572,2019-03-29T12:50:05.019000Z
1013,1.12402,1.12405,1000000.0,1250000.0,2019-03-29T12:50:05.223000Z
1014,1.1240100000000002,1.12404,2349999.9046,3190000.0572,2019-03-29T12:50:09.448000Z
1015,1.1240100000000002,1.12403,3000000.0,1250000.0,2019-03-29T12:50:09.552000Z
1016,1.124,1.12404,5840000.1526,3259999.9905,2019-03-29T12:50:09.667000Z
1017,1.12402,1.12404,1000000.0,1500000.0,2019-03-29T12:50:10.590000Z
1018,1.1240100000000002,1.12405,5880000.1144,1500000.0,2019-03-29T12:50:10.693000Z
1019,1.1240100000000002,1.12406,6750000.0,7610000.1335,2019-03-29T12:50:10.795000Z
1020,1.12404,1.1240700000000001,1000000.0,7070000.1717,2019-03-29T12:50:12.764000Z
1021,1.12404,1.1240700000000001,3000000.0,4119999.8856,2019-03-29T12:50:12.931000Z
1022,1.12403,1.12405,1100000.0238,6369999.8856,2019-03-29T12:50:13.355000Z
1023,1.1240100000000002,1.12404,2619999.8856,1009999.9905,2019-03-29T12:50:13.458000Z
1024,1.1240100000000002,1.12404,1100000.0238,5260000.2289,2019-03-29T12:50:13.790000Z
1025,1.124,1.12404,8720000.267,1009999.9905,2019-03-29T12:50:13.892000Z
1026,1.1240100000000002,1.12404,1100000.0238,4510000.2289,2019-03-29T12:50:13.994000Z
1027,1.1240100000000002,1.12404,1100000.0238,3259999.9905,2019-03-29T12:50:14.097000Z
1028,1.1240100000000002,1.12404,1100000.0238,5260000.2289,2019-03-29T12:50:14.820000Z
1029,1.124,1.12404,3450000.0477,1850000.0238,2019-03-29T12:50:14.923000Z
1030,1.124,1.12403,3440000.0572,1700000.0477,2019-03-29T12:50:15.103000Z
1031,1.124,1.12404,1200000.0477,3109999.8951,2019-03-29T12:50:15.205000Z
1032,1.124,1.12403,4190000.0572,2819999.9332,2019-03-29T12:50:15.932000Z
1033,1.124,1.12404,1950000.0477,5360000.1335,2019-03-29T12:50:16.034000Z
1034,1.124,1.12403,2690000.0572,3569999.9332,2019-03-29T12:50:16.506000Z
1035,1.124,1.12404,1200000.0477,8359999.6567,2019-03-29T12:50:16.609000Z
1036,1.12399,1.12402,1009999.9905,1000000.0,2019-03-29T12:50:18.030000Z
1037,1.12398,1.12402,2509999.9905,2450000.0477,2019-03-29T12:50:18.133000Z
1038,1.12399,1.1240100000000002,2619999.8856,1000000.0,2019-03-29T12:50:18.236000Z
1039,1.12399,1.12403,5619999.8856,3640000.1049,2019-03-29T12:50:18.288000Z
1040,1.124,1.12402,1120000.0048,1500000.0,2019-03-29T12:50:18.390000Z
1041,1.12399,1.12403,9369999.8856,4760000.2289,2019-03-29T12:50:18.493000Z
1042,1.12399,1.12402,8739999.7711,1500000.0,2019-03-29T12:50:18.633000Z
1043,1.12399,1.12403,3369999.8856,3339999.9142,2019-03-29T12:50:18.736000Z
1044,1.12399,1.12402,5739999.7711,2250000.0,2019-03-29T12:50:19.132000Z
1045,1.12399,1.12403,1870000.0048,5590000.1526,2019-03-29T12:50:19.234000Z
1046,1.12399,1.12402,2619999.8856,1000000.0,2019-03-29T12:50:19.865000Z
1047,1.12398,1.1240100000000002,2809999.9428,2619999.8856,2019-03-29T12:50:19.967000Z
1048,1.12398,1.1240100000000002,4489999.7711,8000000.0,2019-03-29T12:50:20.069000Z
1049,1.12398,1.1240100000000002,1870000.0048,2619999.8856,2019-03-29T12:50:20.218000Z
1050,1.1239700000000001,1.124,3259999.9905,4500000.0,2019-03-29T12:50:21.809000Z
1051,1.1239700000000001,1.12399,1000000.0,1250000.0,2019-03-29T12:50:21.860000Z
1052,1.12396,1.12399,1000000.0,2569999.9332,2019-03-29T12:50:22.008000Z
1053,1.12396,1.12399,1000000.0,4760000.2289,2019-03-29T12:50:23.102000Z
1054,1.12395,1.12399,2619999.8856,4010000.2289,2019-03-29T12:50:23.204000Z
1055,1.12396,1.12398,1000000.0,2250000.0,2019-03-29T12:50:23.360000Z
1056,1.12395,1.12399,1950000.0477,3190000.0572,2019-03-29T12:50:23.717000Z
1057,1.12395,1.12399,1950000.0477,3289999.9619,2019-03-29T12:50:23.819000Z
1058,1.12395,1.12399,1950000.0477,3559999.9428,2019-03-29T12:50:24.105000Z
1059,1.12396,1.12399,1570000.0525,7309999.9428,2019-03-29T12:50:24.285000Z
1060,1.12395,1.12399,3450000.0477,3940000.0572,2019-03-29T12:50:24.387000Z
1061,1.12396,1.12399,1000000.0,5190000.0572,2019-03-29T12:50:24.489000Z
1062,1.12396,1.12399,1940000.0572,8699999.8093,2019-03-29T12:50:25.356000Z
1063,1.12396,1.12399,4599999.9046,1690000.0572,2019-03-29T12:50:25.562000Z
1064,1.12396,1.124,4039999.9619,3369999.8856,2019-03-29T12:50:27.196000Z
1065,1.12396,1.12399,8350000.3815,1000000.0,2019-03-29T12:50:27.298000Z
1066,1.12396,1.124,3849999.9046,3190000.0572,2019-03-29T12:50:27.400000Z
1067,1.1239700000000001,1.12399,1200000.0477,1000000.0,2019-03-29T12:50:27.675000Z
1068,1.1239700000000001,1.124,1200000.0477,5510000.2289,2019-03-29T12:50:27.778000Z
1069,1.12396,1.12399,6099999.9046,1000000.0,2019-03-29T12:50:29.412000Z
1070,1.12396,1.124,2349999.9046,2440000.0572,2019-03-29T12:50:29.571000Z
1071,1.1239700000000001,1.124,1009999.9905,2500000.0,2019-03-29T12:50:29.674000Z
1072,1.12399,1.1240100000000002,1000000.0,4199999.8093,2019-03-29T12:50:30.833000Z
1073,1.12399,1.12402,6219999.7902,1100000.0238,2019-03-29T12:50:30.936000Z
1074,1.12399,1.12402,1570000.0525,2250000.0,2019-03-29T12:50:31.401000Z
1075,1.12399,1.12403,1000000.0,8210000.0381,2019-03-29T12:50:31.503000Z
1076,1.12399,1.12402,4489999.7711,1500000.0,2019-03-29T12:50:31.985000Z
1077,1.124,1.12403,1500000.0,4760000.2289,2019-03-29T12:50:33.062000Z
1078,1.12399,1.12403,4570000.1717,1250000.0,2019-03-29T12:50:33.164000Z
1079,1.124,1.12403,1000000.0,1250000.0,2019-03-29T12:50:33.318000Z
1080,1.12399,1.12403,6070000.1717,1250000.0,2019-03-29T12:50:33.475000Z
1081,1.124,1.12403,1110000.0143,4309999.9428,2019-03-29T12:50:33.627000Z
1082,1.12399,1.12403,6429999.8283,1309999.9428,2019-03-29T12:50:34.349000Z
1083,1.1240100000000002,1.12404,1750000.0,9670000.0763,2019-03-29T12:50:35.533000Z
1084,1.12403,1.12404,1500000.0,1200000.0477,2019-03-29T12:50:35.636000Z
1085,1.12404,1.12406,1500000.0,2250000.0,2019-03-29T12:50:35.725000Z
1086,1.12404,1.1240700000000001,2319999.9332,1159999.9666,2019-03-29T12:50:35.880000Z
1087,1.12402,1.12406,7119999.8856,2500000.0,2019-03-29T12:50:36.338000Z
1088,1.1240100000000002,1.12404,2619999.8856,1250000.0,2019-03-29T12:50:36.440000Z
1089,1.1240100000000002,1.12404,5500000.0,1250000.0,2019-03-29T12:50:36.542000Z
1090,1.1240100000000002,1.12404,1970000.0286,1750000.0,2019-03-29T12:50:38.144000Z
1091,1.124,1.12404,1500000.0,5210000.0381,2019-03-29T12:50:38.198000Z
1092,1.124,1.12403,1500000.0,1000000.0,2019-03-29T12:50:38.301000Z
1093,1.124,1.12404,1000000.0,4460000.0381,2019-03-29T12:50:38.454000Z
1094,1.124,1.12404,3740000.0095,3759999.9905,2019-03-29T12:50:38.759000Z
1095,1.124,1.12404,1870000.0048,4840000.1526,2019-03-29T12:50:38.879000Z
1096,1.12399,1.12404,7750000.0,1460000.0381,2019-03-29T12:50:39.083000Z
1097,1.124,1.12404,2619999.8856,9340000.1526,2019-03-29T12:50:39.185000Z
1098,1.1240100000000002,1.12405,1500000.0,9550000.1907,2019-03-29T12:50:40.156000Z
1099,1.124,1.12405,6179999.8283,5420000.0763,2019-03-29T12:50:40.258000Z
1100,1.1240100000000002,1.12405,2319999.9332,8550000.1907,2019-03-29T12:50:40.360000Z
1101,1.12403,1.12405,1000000.0,3519999.9809,2019-03-29T12:50:40.728000Z
1102,1.12402,1.12405,4719999.7902,1350000.0238,2019-03-29T12:50:40.830000Z
1103,1.1240100000000002,1.12404,1309999.9428,1120000.0048,2019-03-29T12:50:40.958000Z
1104,1.12402,1.12405,1500000.0,4949999.8093,2019-03-29T12:50:41.060000Z
1105,1.1240100000000002,1.12405,3549999.9523,1100000.0238,2019-03-29T12:50:41.522000Z
1106,1.1240100000000002,1.12405,5119999.8856,1200000.0477,2019-03-29T12:50:42.898000Z
1107,1.12402,1.12404,1000000.0,4119999.8856,2019-03-29T12:50:48.317000Z
1108,1.1240100000000002,1.12404,1000000.0,4570000.1717,2019-03-29T12:50:48.419000Z
1109,1.124,1.12404,5610000.1335,1570000.0525,2019-03-29T12:50:48.699000Z
1110,1.1240100000000002,1.12404,1000000.0,1570000.0525,2019-03-29T12:50:48.801000Z
1111,1.124,1.12404,3730000.0191,1200000.0477,2019-03-29T12:50:49.005000Z
1112,1.124,1.12404,1110000.0143,6050000.1907,2019-03-29T12:50:49.274000Z
1113,1.124,1.12404,1110000.0143,5920000.0763,2019-03-29T12:50:49.682000Z
1114,1.124,1.12403,1110000.0143,1000000.0,2019-03-29T12:50:49.882000Z
1115,1.124,1.12404,1110000.0143,4800000.1907,2019-03-29T12:50:50.042000Z
1116,1.124,1.12404,4230000.0191,10050000.1907,2019-03-29T12:50:50.416000Z
1117,1.124,1.12403,3829999.9237,1000000.0,2019-03-29T12:50:50.518000Z
1118,1.124,1.12404,3829999.9237,6670000.0763,2019-03-29T12:50:50.695000Z
1119,1.124,1.12404,1500000.0,7170000.0763,2019-03-29T12:50:51.474000Z
1120,1.124,1.12404,1600000.0238,1720000.0286,2019-03-29T12:50:51.976000Z
1121,1.12402,1.12404,1000000.0,1500000.0,2019-03-29T12:50:52.282000Z
1122,1.12402,1.12404,1000000.0,2369999.8856,2019-03-29T12:50:52.384000Z
1123,1.1240100000000002,1.12404,2980000.0191,2369999.8856,2019-03-29T12:50:52.486000Z
1124,1.12402,1.12404,3000000.0,2250000.0,2019-03-29T12:50:53.192000Z
1125,1.1240100000000002,1.12405,6989999.7711,1299999.9523,2019-03-29T12:50:53.243000Z
1126,1.12404,1.12406,1000000.0,1500000.0,2019-03-29T12:50:53.421000Z
1127,1.12404,1.12408,2720000.0286,4550000.1907,2019-03-29T12:50:53.473000Z
1128,1.12404,1.1240700000000001,4219999.7902,1500000.0,2019-03-29T12:50:53.576000Z
1129,1.12404,1.12408,1950000.0477,7570000.1717,2019-03-29T12:50:55.335000Z
1130,1.12405,1.12408,1000000.0,4550000.1907,2019-03-29T12:50:57.390000Z
1131,1.12404,1.12408,3450000.0477,3220000.0286,2019-03-29T12:50:58.328000Z
1132,1.12403,1.12406,11699999.8093,1000000.0,2019-03-29T12:50:58.680000Z
1133,1.12403,1.12405,1000000.0,1309999.9428,2019-03-29T12:50:58.783000Z
1134,1.12403,1.12406,1000000.0,4949999.8093,2019-03-29T12:50:59.498000Z
1135,1.12403,1.12406,1000000.0,5070000.1717,2019-03-29T12:51:00.074000Z
1136,1.12402,1.12404,1570000.0525,5349999.9046,2019-03-29T12:51:00.278000Z
1137,1.1240100000000002,1.12404,1220000.0286,1539999.9619,2019-03-29T12:51:00.395000Z
1138,1.124,1.12403,3819999.9332,1000000.0,2019-03-29T12:51:00.447000Z
1139,1.124,1.12404,1570000.0525,2660000.0858,2019-03-29T12:51:00.769000Z
1140,1.12402,1.12404,1000000.0,5260000.2289,2019-03-29T12:51:00.871000Z
1141,1.124,1.12404,2700000.0477,3640000.1049,2019-03-29T12:51:00.923000Z
1142,1.124,1.12403,1200000.0477,1100000.0238,2019-03-29T12:51:01.026000Z
1143,1.124,1.12402,1000000.0,1000000.0,2019-03-29T12:51:03.088000Z
1144,1.12399,1.1240100000000002,3819999.9332,4869999.8856,2019-03-29T12:51:03.190000Z
1145,1.1239700000000001,1.12399,3450000.0477,1250000.0,2019-03-29T12:51:03.293000Z
1146,1.12396,1.12399,2680000.0668,3250000.0,2019-03-29T12:51:03.344000Z
1147,1.12396,1.12399,3069999.9332,2250000.0,2019-03-29T12:51:03.911000Z
1148,1.12398,1.124,1120000.0048,1000000.0,2019-03-29T12:51:03.963000Z
1149,1.12398,1.1240100000000002,9109999.6567,1200000.0477,2019-03-29T12:51:04.068000Z
1150,1.12399,1.12402,1309999.9428,1250000.0,2019-03-29T12:51:04.171000Z
1151,1.12399,1.12402,2190000.0572,2440000.0572,2019-03-29T12:51:05.289000Z
1152,1.12399,1.12403,1250000.0,9449999.8093,2019-03-29T12:51:05.417000Z
1153,1.12399,1.12402,1690000.0572,2940000.0572,2019-03-29T12:51:05.761000Z
1154,1.12399,1.12402,1250000.0,1250000.0,2019-03-29T12:51:05.957000Z
1155,1.124,1.12403,1000000.0,6119999.8856,2019-03-29T12:51:06.416000Z
1156,1.124,1.12404,2700000.0477,3640000.1049,2019-03-29T12:51:06.554000Z
1157,1.124,1.12404,4619999.8856,8140000.3433,2019-03-29T12:51:06.992000Z
1158,1.124,1.12404,1870000.0048,3259999.9905,2019-03-29T12:51:07.094000Z
1159,1.124,1.12404,4599999.9046,2509999.9905,2019-03-29T12:51:07.443000Z
1160,1.124,1.12404,3069999.9332,2059999.9428,2019-03-29T12:51:07.546000Z
1161,1.1240100000000002,1.12404,1000000.0,2059999.9428,2019-03-29T12:51:09.009000Z
1162,1.12403,1.12405,2369999.8856,4949999.8093,2019-03-29T12:51:09.061000Z
1163,1.12404,1.12406,1120000.0048,3000000.0,2019-03-29T12:51:09.163000Z
1164,1.12403,1.1240700000000001,5809999.9428,6760000.2289,2019-03-29T12:51:09.435000Z
1165,1.12402,1.12404,5699999.8093,1250000.0,2019-03-29T12:51:09.941000Z
1166,1.1240100000000002,1.12405,2349999.9046,14119999.8856,2019-03-29T12:51:10.054000Z
1167,1.124,1.12405,10569999.6948,13170000.0763,2019-03-29T12:51:10.157000Z
1168,1.124,1.12405,5920000.0763,11649999.6185,2019-03-29T12:51:10.760000Z
1169,1.1240100000000002,1.12404,1000000.0,2809999.9428,2019-03-29T12:51:10.863000Z
1170,1.1240100000000002,1.12403,1000000.0,1500000.0,2019-03-29T12:51:11.015000Z
1171,1.1240100000000002,1.12404,3819999.9332,4760000.2289,2019-03-29T12:51:11.270000Z
1172,1.124,1.12404,5469999.7902,1450000.0477,2019-03-29T12:51:11.402000Z
1173,1.12402,1.12404,1000000.0,2059999.9428,2019-03-29T12:51:11.775000Z
1174,1.12402,1.12405,4789999.9619,1120000.0048,2019-03-29T12:51:11.877000Z
1175,1.1240100000000002,1.12404,6469999.7902,5119999.8856,2019-03-29T12:51:12.041000Z
1176,1.1240100000000002,1.12403,2700000.0477,1250000.0,2019-03-29T12:51:12.198000Z
1177,1.12402,1.12404,1100000.0238,3640000.1049,2019-03-29T12:51:12.567000Z
1178,1.1240100000000002,1.12404,5090000.1526,2569999.9332,2019-03-29T12:51:12.670000Z
1179,1.12402,1.12404,1200000.0477,2440000.0572,2019-03-29T12:51:12.996000Z
1180,1.1240100000000002,1.12403,1200000.0477,1250000.0,2019-03-29T12:51:15.249000Z
1181,1.1240100000000002,1.12403,1600000.0238,2440000.0572,2019-03-29T12:51:15.503000Z
1182,1.1240100000000002,1.12403,1100000.0238,1250000.0,2019-03-29T12:51:16.518000Z
1183,1.124,1.12403,3640000.1049,1750000.0,2019-03-29T12:51:17.432000Z
1184,1.124,1.12403,3660000.0858,1250000.0,2019-03-29T12:51:18.135000Z
1185,1.124,1.12403,2890000.1049,1370000.0048,2019-03-29T12:51:18.438000Z
1186,1.124,1.12403,4199999.8093,1009999.9905,2019-03-29T12:51:20.443000Z
1187,1.1240100000000002,1.12403,1000000.0,1250000.0,2019-03-29T12:51:23.901000Z
1188,1.124,1.12403,3819999.9332,1250000.0,2019-03-29T12:51:24.111000Z
1189,1.124,1.12404,3490000.0095,1750000.0,2019-03-29T12:51:24.686000Z
1190,1.1240100000000002,1.12404,1000000.0,2059999.9428,2019-03-29T12:51:26.073000Z
1191,1.1240100000000002,1.12404,1000000.0,1350000.0238,2019-03-29T12:51:26.176000Z
1192,1.124,1.12404,3299999.9523,2970000.0286,2019-03-29T12:51:26.493000Z
1193,1.1240100000000002,1.12404,1000000.0,2869999.8856,2019-03-29T12:51:26.595000Z
1194,1.12403,1.12404,1250000.0,1120000.0048,2019-03-29T12:51:26.915000Z
1195,1.12405,1.1240700000000001,1000000.0,1120000.0048,2019-03-29T12:51:26.967000Z
1196,1.12404,1.12408,5139999.8665,3500000.0,2019-03-29T12:51:30.342000Z
1197,1.12404,1.12408,9000000.0,8750000.0,2019-03-29T12:51:30.443000Z
1198,1.12404,1.12408,4389999.8665,2750000.0,2019-03-29T12:51:30.894000Z
1199,1.12404,1.1240700000000001,10010000.2289,1620000.0048,2019-03-29T12:51:31.151000Z
1200,1.12404,1.1240700000000001,2890000.1049,3000000.0,2019-03-29T12:51:31.304000Z
1201,1.12404,1.1240700000000001,5510000.2289,2369999.8856,2019-03-29T12:51:32.551000Z
1202,1.12404,1.1240700000000001,10760000.2289,1120000.0048,2019-03-29T12:51:32.832000Z
1203,1.124,1.1240100000000002,1950000.0477,1870000.0048,2019-03-29T12:51:34.932000Z
1204,1.12399,1.124,1950000.0477,1120000.0048,2019-03-29T12:51:35.035000Z
1205,1.12395,1.12398,4500000.0,1120000.0048,2019-03-29T12:51:35.137000Z
1206,1.12396,1.12399,1120000.0048,9640000.3433,2019-03-29T12:51:35.934000Z
1207,1.12396,1.12398,1120000.0048,4119999.8856,2019-03-29T12:51:36.036000Z
1208,1.12395,1.12399,1950000.0477,4690000.0572,2019-03-29T12:51:36.140000Z
1209,1.12396,1.12398,1120000.0048,2619999.8856,2019-03-29T12:51:36.321000Z
1210,1.12398,1.1240100000000002,1690000.0572,5199999.8093,2019-03-29T12:51:36.373000Z
1211,1.12399,1.1240100000000002,1000000.0,2450000.0477,2019-03-29T12:51:36.476000Z
1212,1.12399,1.1240100000000002,1000000.0,1120000.0048,2019-03-29T12:51:36.783000Z
1213,1.12399,1.12402,1000000.0,1120000.0048,2019-03-29T12:51:37.133000Z
1214,1.12399,1.1240100000000002,1000000.0,1500000.0,2019-03-29T12:51:37.388000Z
1215,1.12399,1.12402,1250000.0,1200000.0477,2019-03-29T12:51:37.593000Z
1216,1.124,1.12403,2619999.8856,3069999.9332,2019-03-29T12:51:37.696000Z
1217,1.124,1.12404,9420000.0763,1309999.9428,2019-03-29T12:51:37.798000Z
1218,1.1240100000000002,1.12404,1500000.0,2190000.0572,2019-03-29T12:51:37.901000Z
1219,1.1240100000000002,1.12404,2990000.0095,3940000.0572,2019-03-29T12:51:38.107000Z
1220,1.1240100000000002,1.12404,1120000.0048,2559999.9428,2019-03-29T12:51:38.361000Z
1221,1.1240100000000002,1.12404,1120000.0048,2140000.1049,2019-03-29T12:51:38.514000Z
1222,1.124,1.12404,8539999.9619,1250000.0,2019-03-29T12:51:38.785000Z
1223,1.1240100000000002,1.12404,1000000.0,1690000.0572,2019-03-29T12:51:38.887000Z
1224,1.12402,1.12404,1950000.0477,1120000.0048,2019-03-29T12:51:40.519000Z
1225,1.1240100000000002,1.12404,1120000.0048,1309999.9428,2019-03-29T12:51:40.803000Z
1226,1.1240100000000002,1.12405,5809999.9428,7119999.8856,2019-03-29T12:51:41.008000Z
1227,1.1240100000000002,1.12405,1570000.0525,3250000.0,2019-03-29T12:51:41.110000Z
1228,1.12402,1.12405,1500000.0,1450000.0477,2019-03-29T12:51:43.347000Z
1229,1.12404,1.1240700000000001,2619999.8856,2250000.0,2019-03-29T12:51:43.506000Z
1230,1.12405,1.12408,1000000.0,9010000.2289,2019-03-29T12:51:44.016000Z
1231,1.12404,1.12408,1570000.0525,1309999.9428,2019-03-29T12:51:44.288000Z
1232,1.12404,1.1240700000000001,3750000.0,1000000.0,2019-03-29T12:51:44.441000Z
1233,1.12404,1.12408,1000000.0,3259999.9905,2019-03-29T12:51:44.543000Z
1234,1.12405,1.12409,2250000.0,4460000.0381,2019-03-29T12:51:44.807000Z
1235,1.12405,1.12409,2319999.9332,6010000.2289,2019-03-29T12:51:44.964000Z
1236,1.12405,1.12408,2319999.9332,1620000.0048,2019-03-29T12:51:45.271000Z
1237,1.12405,1.12408,4219999.7902,2250000.0,2019-03-29T12:51:45.374000Z
1238,1.12404,1.12408,7539999.9619,1120000.0048,2019-03-29T12:51:45.635000Z
1239,1.12404,1.12408,10119999.8856,2369999.8856,2019-03-29T12:51:45.984000Z
1240,1.12404,1.12409,3039999.9619,6760000.2289,2019-03-29T12:51:46.086000Z
1241,1.12404,1.12408,3970000.0286,1250000.0,2019-03-29T12:51:47.815000Z
1242,1.12404,1.12408,2849999.9046,1690000.0572,2019-03-29T12:51:48.290000Z
1243,1.1240700000000001,1.12409,3750000.0,4219999.7902,2019-03-29T12:51:48.863000Z
1244,1.12409,1.1241100000000002,1100000.0238,1000000.0,2019-03-29T12:51:49.011000Z
1245,1.1241,1.1241200000000002,1500000.0,1120000.0048,2019-03-29T12:51:49.319000Z
1246,1.1241200000000002,1.12414,7199999.8093,1500000.0,2019-03-29T12:51:49.370000Z
1247,1.1241200000000002,1.12414,1570000.0525,1250000.0,2019-03-29T12:51:49.488000Z
1248,1.1241100000000002,1.12413,1200000.0477,1870000.0048,2019-03-29T12:51:49.590000Z
1249,1.1241100000000002,1.12413,1220000.0286,2809999.9428,2019-03-29T12:51:49.692000Z
1250,1.1241,1.12414,3789999.9619,2619999.8856,2019-03-29T12:51:50.423000Z
1251,1.12413,1.12415,1000000.0,4619999.8856,2019-03-29T12:51:50.532000Z
1252,1.12414,1.12416,1200000.0477,2250000.0,2019-03-29T12:51:50.585000Z
1253,1.12414,1.12418,2700000.0477,3559999.9428,2019-03-29T12:51:50.688000Z
1254,1.12414,1.12418,3660000.0858,3369999.8856,2019-03-29T12:51:50.791000Z
1255,1.12414,1.12418,2890000.1049,3369999.8856,2019-03-29T12:51:50.906000Z
1256,1.12414,1.12418,6659999.8474,4869999.8856,2019-03-29T12:51:51.131000Z
1257,1.12416,1.12418,1000000.0,2250000.0,2019-03-29T12:51:51.438000Z
1258,1.12416,1.12419,2099999.9046,3690000.0572,2019-03-29T12:51:51.927000Z
1259,1.12416,1.12419,1200000.0477,6309999.9428,2019-03-29T12:51:52.630000Z
1260,1.12415,1.12419,4219999.7902,2809999.9428,2019-03-29T12:51:53.576000Z
1261,1.12418,1.1242,1250000.0,3369999.8856,2019-03-29T12:51:53.882000Z
1262,1.12419,1.1242100000000002,1000000.0,6489999.7711,2019-03-29T12:51:53.985000Z
1263,1.12418,1.1242100000000002,1950000.0477,7309999.9428,2019-03-29T12:51:54.099000Z
1264,1.12418,1.1242,4010000.2289,1000000.0,2019-03-29T12:51:54.202000Z
1265,1.12419,1.1242100000000002,1100000.0238,1500000.0,2019-03-29T12:51:54.304000Z
1266,1.12418,1.1242100000000002,8909999.8474,1870000.0048,2019-03-29T12:51:54.406000Z
1267,1.12418,1.1242200000000002,4539999.9619,3190000.0572,2019-03-29T12:51:55.580000Z
1268,1.12418,1.1242100000000002,7489999.7711,1000000.0,2019-03-29T12:51:55.834000Z
1269,1.12418,1.1242200000000002,4539999.9619,3190000.0572,2019-03-29T12:51:55.936000Z
1270,1.12418,1.1242200000000002,4539999.9619,2940000.0572,2019-03-29T12:51:56.767000Z
1271,1.12418,1.1242200000000002,3259999.9905,3309999.9428,2019-03-29T12:51:57.097000Z
1272,1.12419,1.1242100000000002,1950000.0477,1000000.0,2019-03-29T12:51:57.783000Z
1273,1.12419,1.12423,2140000.1049,3470000.0286,2019-03-29T12:51:57.921000Z
1274,1.1242,1.12423,1100000.0238,3450000.0477,2019-03-29T12:51:58.024000Z
1275,1.12419,1.12423,7409999.8474,5440000.0572,2019-03-29T12:51:58.699000Z
1276,1.12419,1.12423,4409999.8474,3069999.9332,2019-03-29T12:51:58.802000Z
1277,1.12419,1.1242200000000002,5909999.8474,1000000.0,2019-03-29T12:51:58.955000Z
1278,1.12419,1.1242200000000002,3660000.0858,2869999.8856,2019-03-29T12:52:00.005000Z
1279,1.12418,1.1242,1600000.0238,1000000.0,2019-03-29T12:52:00.109000Z
1280,1.1241700000000001,1.1242,3980000.0191,1000000.0,2019-03-29T12:52:00.169000Z
1281,1.1241700000000001,1.1242100000000002,5889999.8665,3559999.9428,2019-03-29T12:52:00.272000Z
