,bid,ask,bid_vol,ask_vol,time
0,1.1384200000000002,1.1384400000000001,1000000.0,3190000.0572,2019-02-28T13:45:00.069000Z
1,1.1384100000000001,1.1384400000000001,1250000.0,1250000.0,2019-02-28T13:45:00.121000Z
2,1.1384200000000002,1.1384400000000001,1000000.0,1450000.0477,2019-02-28T13:45:00.225000Z
3,1.1384100000000001,1.13843,1940000.0572,3940000.0572,2019-02-28T13:45:00.380000Z
4,1.1384,1.1384200000000002,1120000.0048,1000000.0,2019-02-28T13:45:00.584000Z
5,1.13839,1.13843,5519999.9809,3190000.0572,2019-02-28T13:45:00.703000Z
6,1.13839,1.1384100000000001,2940000.0572,1250000.0,2019-02-28T13:45:00.806000Z
7,1.13836,1.13839,1120000.0048,1250000.0,2019-02-28T13:45:00.908000Z
8,1.13835,1.1384,3640000.1049,5570000.1717,2019-02-28T13:45:01.011000Z
9,1.13836,1.13839,1000000.0,1250000.0,2019-02-28T13:45:01.130000Z
10,1.13835,1.13839,4690000.0572,3319999.9332,2019-02-28T13:45:01.544000Z
11,1.13835,1.13839,2440000.0572,2140000.1049,2019-02-28T13:45:01.747000Z
12,1.13836,1.13839,4500000.0,2140000.1049,2019-02-28T13:45:01.860000Z
13,1.13838,1.13839,1309999.9428,1100000.0238,2019-02-28T13:45:02.168000Z
14,1.1384,1.1384200000000002,2319999.9332,1000000.0,2019-02-28T13:45:02.330000Z
15,1.1384200000000002,1.13843,1000000.0,1200000.0477,2019-02-28T13:45:02.382000Z
16,1.1384,1.13845,7139999.8665,4949999.8093,2019-02-28T13:45:02.485000Z
17,1.1384,1.1384400000000001,3450000.0477,1370000.0048,2019-02-28T13:45:02.588000Z
18,1.1384,1.1384200000000002,1000000.0,1000000.0,2019-02-28T13:45:02.691000Z
19,1.1384100000000001,1.1384400000000001,1250000.0,4070000.1717,2019-02-28T13:45:02.843000Z
20,1.1384,1.13843,1500000.0,1759999.9905,2019-02-28T13:45:03.202000Z
21,1.1384,1.1384100000000001,1000000.0,1120000.0048,2019-02-28T13:45:03.304000Z
22,1.13836,1.13838,1000000.0,2890000.1049,2019-02-28T13:45:03.410000Z
23,1.13835,1.13837,2950000.0477,1000000.0,2019-02-28T13:45:03.513000Z
24,1.13835,1.13838,4070000.1717,1250000.0,2019-02-28T13:45:03.615000Z
25,1.13835,1.13838,5949999.8093,4409999.8474,2019-02-28T13:45:03.863000Z
26,1.13835,1.13838,3700000.0477,3190000.0572,2019-02-28T13:45:03.966000Z
27,1.13835,1.13839,1200000.0477,2200000.0477,2019-02-28T13:45:04.390000Z
28,1.13835,1.13838,7409999.8474,1950000.0477,2019-02-28T13:45:04.698000Z
29,1.13835,1.13838,4389999.8665,1000000.0,2019-02-28T13:45:04.817000Z
30,1.13835,1.13839,5139999.8665,4010000.2289,2019-02-28T13:45:04.920000Z
31,1.13835,1.13838,2440000.0572,1570000.0525,2019-02-28T13:45:05.073000Z
32,1.13834,1.13838,1620000.0048,2319999.9332,2019-02-28T13:45:05.175000Z
33,1.13834,1.13837,1000000.0,1389999.9857,2019-02-28T13:45:05.290000Z
34,1.13833,1.13836,1500000.0,2509999.9905,2019-02-28T13:45:05.394000Z
35,1.13833,1.13835,1500000.0,1000000.0,2019-02-28T13:45:05.548000Z
36,1.13833,1.13836,1000000.0,5349999.9046,2019-02-28T13:45:05.652000Z
37,1.1383200000000002,1.13834,1000000.0,1009999.9905,2019-02-28T13:45:05.775000Z
38,1.1383100000000002,1.13835,2440000.0572,3789999.9619,2019-02-28T13:45:06.670000Z
39,1.1383200000000002,1.13835,1000000.0,4219999.7902,2019-02-28T13:45:06.932000Z
40,1.1383100000000002,1.13834,2250000.0,1350000.0238,2019-02-28T13:45:07.035000Z
41,1.1383100000000002,1.13835,2250000.0,3470000.0286,2019-02-28T13:45:07.137000Z
42,1.1383100000000002,1.13835,2250000.0,3069999.9332,2019-02-28T13:45:07.239000Z
43,1.1383200000000002,1.13835,1000000.0,5210000.0381,2019-02-28T13:45:07.445000Z
44,1.1383100000000002,1.13835,1690000.0572,5719999.7902,2019-02-28T13:45:07.548000Z
45,1.1383100000000002,1.13834,1690000.0572,4449999.8093,2019-02-28T13:45:07.650000Z
46,1.1383,1.1383100000000002,1870000.0048,1000000.0,2019-02-28T13:45:08.884000Z
47,1.13825,1.13829,6750000.0,1350000.0238,2019-02-28T13:45:09.013000Z
48,1.13824,1.13826,1000000.0,4119999.8856,2019-02-28T13:45:09.116000Z
49,1.13824,1.13825,1250000.0,1200000.0477,2019-02-28T13:45:09.218000Z
50,1.13823,1.13826,1750000.0,1009999.9905,2019-02-28T13:45:09.371000Z
51,1.13825,1.13826,1250000.0,1100000.0238,2019-02-28T13:45:09.473000Z
52,1.13825,1.13828,1250000.0,1570000.0525,2019-02-28T13:45:09.575000Z
53,1.13825,1.13829,1610000.0143,3339999.9142,2019-02-28T13:45:09.728000Z
54,1.13825,1.13828,3190000.0572,1840000.0334,2019-02-28T13:45:09.880000Z
55,1.13825,1.13829,1250000.0,1279999.9714,2019-02-28T13:45:09.982000Z
56,1.13826,1.13829,1870000.0048,4139999.8665,2019-02-28T13:45:10.085000Z
57,1.13826,1.1383,4500000.0,3369999.8856,2019-02-28T13:45:10.191000Z
58,1.13826,1.13829,4119999.8856,1870000.0048,2019-02-28T13:45:10.346000Z
59,1.13826,1.13829,2440000.0572,1750000.0,2019-02-28T13:45:10.448000Z
60,1.13826,1.1383,1120000.0048,3599999.9046,2019-02-28T13:45:11.263000Z
61,1.13826,1.1383,2700000.0477,6000000.0,2019-02-28T13:45:11.391000Z
62,1.13826,1.1383,4949999.8093,6250000.0,2019-02-28T13:45:11.493000Z
63,1.13825,1.13828,6070000.1717,3000000.0,2019-02-28T13:45:12.362000Z
64,1.13826,1.13828,1000000.0,3000000.0,2019-02-28T13:45:12.465000Z
65,1.13826,1.13829,1000000.0,5440000.0572,2019-02-28T13:45:12.612000Z
66,1.13825,1.13829,4309999.9428,1389999.9857,2019-02-28T13:45:12.815000Z
67,1.13826,1.1383,1000000.0,13600000.3815,2019-02-28T13:45:12.968000Z
68,1.13826,1.13828,1500000.0,1000000.0,2019-02-28T13:45:13.070000Z
69,1.13826,1.13829,1500000.0,1100000.0238,2019-02-28T13:45:13.220000Z
70,1.13826,1.13828,1000000.0,3750000.0,2019-02-28T13:45:13.323000Z
71,1.13825,1.1382700000000001,1500000.0,1000000.0,2019-02-28T13:45:13.375000Z
72,1.13825,1.13826,1000000.0,1500000.0,2019-02-28T13:45:13.477000Z
73,1.13823,1.13826,7949999.8093,2569999.9332,2019-02-28T13:45:13.660000Z
74,1.1382200000000002,1.13825,2250000.0,1570000.0525,2019-02-28T13:45:13.763000Z
75,1.1382200000000002,1.13825,1870000.0048,1100000.0238,2019-02-28T13:45:13.865000Z
76,1.1382200000000002,1.13825,1000000.0,1970000.0286,2019-02-28T13:45:14.278000Z
77,1.1382200000000002,1.13825,1000000.0,1100000.0238,2019-02-28T13:45:14.533000Z
78,1.13823,1.13825,3619999.8856,3220000.0286,2019-02-28T13:45:14.919000Z
79,1.13824,1.1382700000000001,2059999.9428,6469999.7902,2019-02-28T13:45:15.022000Z
80,1.13825,1.1382700000000001,2369999.8856,2319999.9332,2019-02-28T13:45:15.391000Z
81,1.13826,1.13828,2259999.9905,1690000.0572,2019-02-28T13:45:15.494000Z
82,1.13826,1.13829,1000000.0,1250000.0,2019-02-28T13:45:15.931000Z
83,1.13826,1.1383,2940000.0572,7449999.8093,2019-02-28T13:45:16.246000Z
84,1.13826,1.1383,3940000.0572,3450000.0477,2019-02-28T13:45:16.348000Z
85,1.1382700000000001,1.1383,1250000.0,3069999.9332,2019-02-28T13:45:16.399000Z
86,1.13826,1.1383,4369999.8856,6389999.8665,2019-02-28T13:45:16.501000Z
87,1.13826,1.1383,3559999.9428,5449999.8093,2019-02-28T13:45:16.616000Z
88,1.13828,1.13829,1500000.0,1500000.0,2019-02-28T13:45:16.719000Z
89,1.13826,1.1383,3559999.9428,2720000.0286,2019-02-28T13:45:16.822000Z
90,1.1382700000000001,1.1383,1690000.0572,4409999.8474,2019-02-28T13:45:16.924000Z
91,1.1382700000000001,1.1383,1350000.0238,2880000.1144,2019-02-28T13:45:17.028000Z
92,1.13826,1.1383,10409999.8474,1600000.0238,2019-02-28T13:45:17.179000Z
93,1.13828,1.1383,1000000.0,1100000.0238,2019-02-28T13:45:17.638000Z
94,1.1382700000000001,1.1383,3940000.0572,1200000.0477,2019-02-28T13:45:17.740000Z
95,1.1382700000000001,1.1383,1120000.0048,2599999.9046,2019-02-28T13:45:18.028000Z
96,1.13826,1.13829,2700000.0477,1250000.0,2019-02-28T13:45:18.182000Z
97,1.13826,1.1383,7389999.8665,5170000.0763,2019-02-28T13:45:18.386000Z
98,1.1382700000000001,1.1383,1000000.0,3349999.9046,2019-02-28T13:45:18.489000Z
99,1.13826,1.13829,4690000.0572,1759999.9905,2019-02-28T13:45:18.694000Z
100,1.1382700000000001,1.1383,1620000.0048,9569999.6948,2019-02-28T13:45:18.844000Z
101,1.13826,1.1383,10810000.4196,3890000.1049,2019-02-28T13:45:18.946000Z
102,1.13826,1.1383,3000000.0,2450000.0477,2019-02-28T13:45:19.150000Z
103,1.1382700000000001,1.13829,1500000.0,1389999.9857,2019-02-28T13:45:19.325000Z
104,1.13829,1.1383,1250000.0,1200000.0477,2019-02-28T13:45:19.427000Z
105,1.1383,1.1383100000000002,2140000.1049,1000000.0,2019-02-28T13:45:19.529000Z
106,1.1383100000000002,1.13834,1009999.9905,2470000.0286,2019-02-28T13:45:19.632000Z
107,1.1383200000000002,1.13834,1250000.0,2319999.9332,2019-02-28T13:45:19.709000Z
108,1.13833,1.13835,1500000.0,1389999.9857,2019-02-28T13:45:19.761000Z
109,1.1383200000000002,1.13834,5059999.9428,1220000.0286,2019-02-28T13:45:20.066000Z
110,1.1383200000000002,1.13835,1870000.0048,4010000.2289,2019-02-28T13:45:20.168000Z
111,1.1383200000000002,1.13834,3380000.1144,1870000.0048,2019-02-28T13:45:20.277000Z
112,1.1383100000000002,1.13835,9949999.8093,4760000.2289,2019-02-28T13:45:21.385000Z
113,1.1383200000000002,1.13834,2059999.9428,1000000.0,2019-02-28T13:45:21.563000Z
114,1.13835,1.13836,1309999.9428,17809999.4659,2019-02-28T13:45:23.215000Z
115,1.13836,1.13837,1000000.0,1200000.0477,2019-02-28T13:45:23.325000Z
116,1.13836,1.13838,1000000.0,1000000.0,2019-02-28T13:45:23.428000Z
117,1.13835,1.13838,4199999.8093,1399999.9762,2019-02-28T13:45:23.530000Z
118,1.13836,1.13839,2500000.0,2509999.9905,2019-02-28T13:45:23.679000Z
119,1.13836,1.1384,2250000.0,6349999.9046,2019-02-28T13:45:23.781000Z
120,1.13836,1.1384,1100000.0238,4599999.9046,2019-02-28T13:45:24.839000Z
121,1.13836,1.13839,1250000.0,1009999.9905,2019-02-28T13:45:24.990000Z
122,1.13837,1.13839,1000000.0,1009999.9905,2019-02-28T13:45:25.348000Z
123,1.13836,1.1384,3369999.8856,9199999.8093,2019-02-28T13:45:25.450000Z
124,1.13836,1.13839,3069999.9332,1909999.9666,2019-02-28T13:45:25.572000Z
125,1.13836,1.13839,4119999.8856,2509999.9905,2019-02-28T13:45:25.674000Z
126,1.13837,1.13839,1000000.0,3190000.0572,2019-02-28T13:45:26.637000Z
127,1.13836,1.13839,4199999.8093,2440000.0572,2019-02-28T13:45:26.817000Z
128,1.13836,1.1384,2140000.1049,7449999.8093,2019-02-28T13:45:26.920000Z
129,1.13838,1.1384,1309999.9428,2099999.9046,2019-02-28T13:45:27.309000Z
130,1.13839,1.1384100000000001,1250000.0,9819999.6948,2019-02-28T13:45:27.411000Z
131,1.1384,1.1384100000000001,1000000.0,4050000.1907,2019-02-28T13:45:27.516000Z
132,1.1384100000000001,1.1384200000000002,1000000.0,2920000.0763,2019-02-28T13:45:27.568000Z
133,1.1384,1.1384200000000002,1070000.0525,3069999.9332,2019-02-28T13:45:27.684000Z
134,1.1384,1.1384100000000001,1500000.0,1000000.0,2019-02-28T13:45:27.786000Z
135,1.1384,1.1384200000000002,1500000.0,4010000.2289,2019-02-28T13:45:27.888000Z
136,1.1384,1.1384200000000002,2869999.8856,3450000.0477,2019-02-28T13:45:28.042000Z
137,1.1384100000000001,1.13843,1000000.0,2140000.1049,2019-02-28T13:45:28.185000Z
138,1.1384100000000001,1.13843,1000000.0,2099999.9046,2019-02-28T13:45:28.343000Z
139,1.1384100000000001,1.13843,1000000.0,2769999.9809,2019-02-28T13:45:28.497000Z
140,1.1384200000000002,1.1384400000000001,1000000.0,3259999.9905,2019-02-28T13:45:28.961000Z
141,1.1384100000000001,1.1384400000000001,4309999.9428,1669999.9571,2019-02-28T13:45:30.425000Z
142,1.1384200000000002,1.1384400000000001,1000000.0,3319999.9332,2019-02-28T13:45:30.537000Z
143,1.1384100000000001,1.1384400000000001,5809999.9428,1669999.9571,2019-02-28T13:45:30.640000Z
144,1.1384200000000002,1.1384400000000001,1000000.0,1750000.0,2019-02-28T13:45:30.896000Z
145,1.1384100000000001,1.1384400000000001,4389999.8665,1250000.0,2019-02-28T13:45:31.106000Z
146,1.1384200000000002,1.1384400000000001,1000000.0,1750000.0,2019-02-28T13:45:31.368000Z
147,1.1384100000000001,1.1384400000000001,6639999.8665,1250000.0,2019-02-28T13:45:31.543000Z
148,1.1384200000000002,1.1384400000000001,1000000.0,1250000.0,2019-02-28T13:45:31.645000Z
149,1.1384100000000001,1.1384400000000001,5250000.0,1820000.0525,2019-02-28T13:45:31.747000Z
150,1.1384100000000001,1.1384400000000001,5719999.7902,2200000.0477,2019-02-28T13:45:31.857000Z
151,1.1384100000000001,1.1384200000000002,3000000.0,1000000.0,2019-02-28T13:45:33.193000Z
152,1.13839,1.1384200000000002,13949999.8093,3250000.0,2019-02-28T13:45:33.245000Z
153,1.1384,1.13843,2140000.1049,1120000.0048,2019-02-28T13:45:33.296000Z
154,1.1384100000000001,1.13843,1200000.0477,1000000.0,2019-02-28T13:45:33.449000Z
155,1.1384,1.13843,10140000.3433,1000000.0,2019-02-28T13:45:34.355000Z
156,1.1384100000000001,1.13843,1070000.0525,1000000.0,2019-02-28T13:45:34.476000Z
157,1.1384400000000001,1.13845,1500000.0,1200000.0477,2019-02-28T13:45:34.709000Z
158,1.1384200000000002,1.13845,6260000.2289,1350000.0238,2019-02-28T13:45:34.760000Z
159,1.13843,1.13845,1120000.0048,1610000.0143,2019-02-28T13:45:34.863000Z
160,1.1384200000000002,1.13845,5809999.9428,2509999.9905,2019-02-28T13:45:34.965000Z
161,1.1384200000000002,1.1384400000000001,7820000.1717,1000000.0,2019-02-28T13:45:35.067000Z
162,1.1384100000000001,1.1384400000000001,9390000.3433,1000000.0,2019-02-28T13:45:35.174000Z
163,1.1384200000000002,1.1384400000000001,2500000.0,1000000.0,2019-02-28T13:45:35.276000Z
164,1.13843,1.13846,1809999.9428,4820000.1717,2019-02-28T13:45:35.379000Z
165,1.1384100000000001,1.13845,7730000.0191,2869999.8856,2019-02-28T13:45:35.482000Z
166,1.1384200000000002,1.13843,1309999.9428,1000000.0,2019-02-28T13:45:35.693000Z
167,1.1384200000000002,1.1384400000000001,1309999.9428,1309999.9428,2019-02-28T13:45:35.797000Z
168,1.1384200000000002,1.13845,1000000.0,2509999.9905,2019-02-28T13:45:36.205000Z
169,1.1384200000000002,1.1384400000000001,1000000.0,1000000.0,2019-02-28T13:45:36.408000Z
170,1.1384200000000002,1.13845,1000000.0,2890000.1049,2019-02-28T13:45:36.510000Z
171,1.1384200000000002,1.13845,1120000.0048,4809999.9428,2019-02-28T13:45:36.701000Z
172,1.1384200000000002,1.13845,1120000.0048,2890000.1049,2019-02-28T13:45:36.805000Z
173,1.1384200000000002,1.13845,1120000.0048,4039999.9619,2019-02-28T13:45:37.009000Z
174,1.1384200000000002,1.13845,1120000.0048,5139999.8665,2019-02-28T13:45:38.465000Z
175,1.1384200000000002,1.13845,1620000.0048,5510000.2289,2019-02-28T13:45:38.567000Z
176,1.1384200000000002,1.1384400000000001,5880000.1144,1000000.0,2019-02-28T13:45:39.126000Z
177,1.1384200000000002,1.13845,6440000.0572,5500000.0,2019-02-28T13:45:39.388000Z
178,1.1384200000000002,1.13845,4119999.8856,2319999.9332,2019-02-28T13:45:39.593000Z
179,1.1384200000000002,1.13845,1120000.0048,1450000.0477,2019-02-28T13:45:40.546000Z
180,1.1384200000000002,1.13845,1000000.0,1389999.9857,2019-02-28T13:45:40.648000Z
181,1.1384200000000002,1.13845,1000000.0,5559999.9428,2019-02-28T13:45:40.915000Z
182,1.1384100000000001,1.13845,8699999.8093,2950000.0477,2019-02-28T13:45:41.068000Z
183,1.1384100000000001,1.13845,8449999.8093,3859999.8951,2019-02-28T13:45:41.586000Z
184,1.1384200000000002,1.13846,2440000.0572,10210000.0381,2019-02-28T13:45:41.841000Z
185,1.1384400000000001,1.13845,5250000.0,2250000.0,2019-02-28T13:45:41.945000Z
186,1.13846,1.13847,2250000.0,1200000.0477,2019-02-28T13:45:42.072000Z
187,1.13847,1.13849,1070000.0525,3319999.9332,2019-02-28T13:45:42.174000Z
188,1.13847,1.13849,1250000.0,2140000.1049,2019-02-28T13:45:42.277000Z
189,1.13846,1.13848,9189999.5804,2250000.0,2019-02-28T13:45:43.090000Z
190,1.13846,1.13848,4260000.2289,2250000.0,2019-02-28T13:45:44.473000Z
191,1.13846,1.13848,4119999.8856,2250000.0,2019-02-28T13:45:44.746000Z
192,1.13845,1.13847,3559999.9428,3250000.0,2019-02-28T13:45:45.333000Z
193,1.13843,1.1384400000000001,1000000.0,2319999.9332,2019-02-28T13:45:45.435000Z
194,1.1384200000000002,1.1384400000000001,3450000.0477,2319999.9332,2019-02-28T13:45:45.583000Z
195,1.13845,1.13846,2250000.0,5469999.7902,2019-02-28T13:45:45.686000Z
196,1.13845,1.13847,3940000.0572,3000000.0,2019-02-28T13:45:45.790000Z
197,1.13846,1.13848,2849999.9046,2250000.0,2019-02-28T13:45:45.937000Z
198,1.13846,1.13849,1000000.0,2509999.9905,2019-02-28T13:45:46.092000Z
199,1.13845,1.13847,3759999.9905,1000000.0,2019-02-28T13:45:46.144000Z
200,1.13845,1.13846,1690000.0572,2250000.0,2019-02-28T13:45:46.248000Z
201,1.13845,1.13847,4010000.2289,2250000.0,2019-02-28T13:45:46.454000Z
202,1.13845,1.13847,6389999.8665,3369999.8856,2019-02-28T13:45:46.709000Z
203,1.13845,1.13846,3259999.9905,2250000.0,2019-02-28T13:45:46.914000Z
204,1.1384200000000002,1.1384400000000001,3190000.0572,1000000.0,2019-02-28T13:45:47.018000Z
205,1.13843,1.13845,1820000.0525,2700000.0477,2019-02-28T13:45:47.121000Z
206,1.13843,1.13845,3809999.9428,2809999.9428,2019-02-28T13:45:47.224000Z
207,1.13843,1.13845,1000000.0,2440000.0572,2019-02-28T13:45:47.326000Z
208,1.13843,1.1384400000000001,1000000.0,1000000.0,2019-02-28T13:45:47.469000Z
209,1.1384400000000001,1.13845,1250000.0,1500000.0,2019-02-28T13:45:47.941000Z
210,1.13846,1.13847,1250000.0,1950000.0477,2019-02-28T13:45:48.053000Z
211,1.13845,1.13847,8510000.2289,1500000.0,2019-02-28T13:45:49.317000Z
212,1.13845,1.13848,6289999.9619,2809999.9428,2019-02-28T13:45:49.419000Z
213,1.13846,1.13847,1389999.9857,1500000.0,2019-02-28T13:45:49.527000Z
214,1.13847,1.13848,2250000.0,1500000.0,2019-02-28T13:45:49.733000Z
215,1.13846,1.13848,4389999.8665,1000000.0,2019-02-28T13:45:49.835000Z
216,1.13847,1.13848,1000000.0,1000000.0,2019-02-28T13:45:50.127000Z
217,1.13845,1.13846,2140000.1049,1500000.0,2019-02-28T13:45:50.286000Z
218,1.13843,1.1384400000000001,1500000.0,1000000.0,2019-02-28T13:45:50.338000Z
219,1.1384200000000002,1.1384400000000001,1250000.0,1000000.0,2019-02-28T13:45:50.441000Z
220,1.1384200000000002,1.13843,2440000.0572,1120000.0048,2019-02-28T13:45:50.543000Z
221,1.1384200000000002,1.1384400000000001,2759999.9905,1500000.0,2019-02-28T13:45:50.731000Z
222,1.1384200000000002,1.1384400000000001,1450000.0477,1570000.0525,2019-02-28T13:45:50.833000Z
223,1.13843,1.13845,4260000.2289,1000000.0,2019-02-28T13:45:51.349000Z
224,1.13843,1.13845,4199999.8093,1000000.0,2019-02-28T13:45:51.503000Z
225,1.1384400000000001,1.13846,5500000.0,1000000.0,2019-02-28T13:45:51.555000Z
226,1.13846,1.13847,1000000.0,3000000.0,2019-02-28T13:45:52.674000Z
227,1.13845,1.13847,3069999.9332,1000000.0,2019-02-28T13:45:52.878000Z
228,1.13845,1.13847,4389999.8665,1000000.0,2019-02-28T13:45:52.980000Z
229,1.13845,1.13848,4570000.1717,1870000.0048,2019-02-28T13:45:53.082000Z
230,1.13845,1.13848,7510000.2289,4119999.8856,2019-02-28T13:45:53.227000Z
231,1.13845,1.13848,5320000.1717,1870000.0048,2019-02-28T13:45:53.379000Z
232,1.13845,1.13848,4139999.8665,3369999.8856,2019-02-28T13:45:53.481000Z
233,1.1384400000000001,1.13846,1389999.9857,1309999.9428,2019-02-28T13:45:53.686000Z
234,1.1384200000000002,1.13846,1370000.0048,16819999.6948,2019-02-28T13:45:53.807000Z
235,1.1384200000000002,1.1384400000000001,1000000.0,1250000.0,2019-02-28T13:45:53.911000Z
236,1.1384100000000001,1.13845,2140000.1049,4070000.1717,2019-02-28T13:45:54.090000Z
237,1.1384200000000002,1.13845,1250000.0,9489999.7711,2019-02-28T13:45:54.366000Z
238,1.1384100000000001,1.13845,8140000.3433,5739999.7711,2019-02-28T13:45:54.469000Z
239,1.1384200000000002,1.13845,1500000.0,4010000.2289,2019-02-28T13:45:54.741000Z
240,1.1384100000000001,1.13846,5699999.8093,17799999.2371,2019-02-28T13:45:54.845000Z
241,1.1384200000000002,1.13845,1870000.0048,4760000.2289,2019-02-28T13:45:54.947000Z
242,1.1384100000000001,1.13846,5320000.1717,19680000.3052,2019-02-28T13:45:55.823000Z
243,1.1384200000000002,1.13846,6260000.2289,3259999.9905,2019-02-28T13:45:55.925000Z
244,1.1384200000000002,1.13845,4260000.2289,1500000.0,2019-02-28T13:45:56.038000Z
245,1.1384400000000001,1.13846,2869999.8856,1100000.0238,2019-02-28T13:45:56.141000Z
246,1.1384400000000001,1.13848,5159999.8474,5719999.7902,2019-02-28T13:45:56.244000Z
247,1.13846,1.13848,1000000.0,1950000.0477,2019-02-28T13:45:56.695000Z
248,1.13845,1.13847,1789999.9619,1000000.0,2019-02-28T13:45:56.849000Z
249,1.13845,1.13848,1789999.9619,2319999.9332,2019-02-28T13:45:56.951000Z
250,1.13845,1.13847,1909999.9666,1120000.0048,2019-02-28T13:45:57.209000Z
251,1.13845,1.13848,2539999.9619,1200000.0477,2019-02-28T13:45:57.527000Z
252,1.13845,1.13848,7010000.2289,1000000.0,2019-02-28T13:45:57.629000Z
253,1.13845,1.13849,2509999.9905,5139999.8665,2019-02-28T13:45:57.732000Z
254,1.13847,1.13848,1000000.0,3000000.0,2019-02-28T13:45:58.172000Z
255,1.13846,1.13848,1000000.0,1000000.0,2019-02-28T13:45:58.274000Z
256,1.13846,1.13849,1000000.0,3259999.9905,2019-02-28T13:45:58.477000Z
257,1.13845,1.13847,5510000.2289,1000000.0,2019-02-28T13:45:58.579000Z
258,1.1384400000000001,1.13848,4659999.8474,6190000.0572,2019-02-28T13:45:58.682000Z
259,1.13843,1.13845,1750000.0,2059999.9428,2019-02-28T13:45:58.785000Z
260,1.13843,1.13845,1000000.0,3410000.0858,2019-02-28T13:45:58.935000Z
261,1.1384200000000002,1.13845,1870000.0048,1389999.9857,2019-02-28T13:45:59.038000Z
262,1.1384400000000001,1.13846,3000000.0,8359999.6567,2019-02-28T13:45:59.143000Z
263,1.13847,1.13848,1500000.0,1000000.0,2019-02-28T13:45:59.246000Z
264,1.13846,1.13848,1759999.9905,1000000.0,2019-02-28T13:45:59.349000Z
265,1.13847,1.13849,1000000.0,1389999.9857,2019-02-28T13:45:59.400000Z
266,1.13846,1.13849,1950000.0477,1309999.9428,2019-02-28T13:45:59.502000Z
267,1.13846,1.13849,1000000.0,2569999.9332,2019-02-28T13:45:59.707000Z
268,1.13845,1.13849,2890000.1049,2890000.1049,2019-02-28T13:46:00.371000Z
269,1.13845,1.13848,2509999.9905,1000000.0,2019-02-28T13:46:00.492000Z
270,1.13845,1.13847,4760000.2289,1000000.0,2019-02-28T13:46:00.595000Z
271,1.13845,1.13848,5289999.9619,1570000.0525,2019-02-28T13:46:00.697000Z
272,1.13845,1.13847,3470000.0286,1000000.0,2019-02-28T13:46:02.764000Z
273,1.13845,1.13848,4199999.8093,1000000.0,2019-02-28T13:46:02.866000Z
274,1.13845,1.13849,2509999.9905,2140000.1049,2019-02-28T13:46:02.988000Z
275,1.13845,1.13849,5010000.2289,4389999.8665,2019-02-28T13:46:03.243000Z
276,1.13845,1.13849,3819999.9332,1759999.9905,2019-02-28T13:46:03.370000Z
277,1.13846,1.13849,1000000.0,3259999.9905,2019-02-28T13:46:03.523000Z
278,1.1384400000000001,1.13847,6070000.1717,2059999.9428,2019-02-28T13:46:03.626000Z
279,1.13843,1.13846,2349999.9046,2250000.0,2019-02-28T13:46:03.741000Z
280,1.13843,1.13845,1000000.0,2289999.9619,2019-02-28T13:46:03.844000Z
281,1.13843,1.13845,1000000.0,1259999.9905,2019-02-28T13:46:03.998000Z
282,1.13843,1.13846,1000000.0,5610000.1335,2019-02-28T13:46:04.100000Z
283,1.1384200000000002,1.13845,1820000.0525,1409999.9666,2019-02-28T13:46:05.183000Z
284,1.1384200000000002,1.13846,1200000.0477,6920000.0763,2019-02-28T13:46:05.285000Z
285,1.1384100000000001,1.13845,4570000.1717,1759999.9905,2019-02-28T13:46:05.438000Z
286,1.1384100000000001,1.1384400000000001,3259999.9905,1120000.0048,2019-02-28T13:46:05.847000Z
287,1.13843,1.13845,1250000.0,5170000.0763,2019-02-28T13:46:06.650000Z
288,1.1384200000000002,1.13845,1000000.0,5110000.1335,2019-02-28T13:46:06.754000Z
289,1.1384200000000002,1.13845,1000000.0,8229999.5422,2019-02-28T13:46:07.009000Z
290,1.1384200000000002,1.13845,1000000.0,3619999.8856,2019-02-28T13:46:07.140000Z
291,1.1384100000000001,1.13845,4570000.1717,2509999.9905,2019-02-28T13:46:07.294000Z
292,1.1384400000000001,1.13846,1250000.0,5739999.7711,2019-02-28T13:46:07.396000Z
293,1.13846,1.13848,1000000.0,1870000.0048,2019-02-28T13:46:07.499000Z
294,1.13845,1.13847,3069999.9332,1000000.0,2019-02-28T13:46:07.650000Z
295,1.13843,1.13846,3450000.0477,5619999.8856,2019-02-28T13:46:07.752000Z
296,1.1384400000000001,1.13846,1000000.0,2319999.9332,2019-02-28T13:46:07.855000Z
297,1.1384200000000002,1.13846,5409999.8474,4500000.0,2019-02-28T13:46:07.958000Z
298,1.1384200000000002,1.1384400000000001,7219999.7902,1000000.0,2019-02-28T13:46:08.060000Z
299,1.1384200000000002,1.13846,6510000.2289,1100000.0238,2019-02-28T13:46:08.235000Z
300,1.13843,1.13848,6639999.8665,3849999.9046,2019-02-28T13:46:08.338000Z
301,1.1384400000000001,1.13847,4570000.1717,1309999.9428,2019-02-28T13:46:08.441000Z
302,1.1384400000000001,1.13846,1000000.0,1000000.0,2019-02-28T13:46:08.544000Z
303,1.1384200000000002,1.13846,2349999.9046,7469999.7902,2019-02-28T13:46:08.749000Z
304,1.1384200000000002,1.13846,1240000.0095,11260000.2289,2019-02-28T13:46:08.800000Z
305,1.1384200000000002,1.13846,1000000.0,11069999.6948,2019-02-28T13:46:08.902000Z
306,1.1384200000000002,1.13846,3069999.9332,8920000.0763,2019-02-28T13:46:09.106000Z
307,1.1384200000000002,1.1384400000000001,1100000.0238,1250000.0,2019-02-28T13:46:09.158000Z
308,1.1384400000000001,1.13845,2250000.0,1500000.0,2019-02-28T13:46:09.344000Z
309,1.13846,1.13848,1000000.0,1100000.0238,2019-02-28T13:46:09.447000Z
310,1.13846,1.13848,1289999.9619,1120000.0048,2019-02-28T13:46:10.086000Z
311,1.13846,1.13849,1230000.0191,5659999.8474,2019-02-28T13:46:10.188000Z
312,1.13845,1.13849,2700000.0477,4389999.8665,2019-02-28T13:46:10.867000Z
313,1.13845,1.13848,4949999.8093,1000000.0,2019-02-28T13:46:11.096000Z
314,1.13847,1.13849,1000000.0,2140000.1049,2019-02-28T13:46:11.198000Z
315,1.13847,1.1385,2099999.9046,7760000.2289,2019-02-28T13:46:11.454000Z
316,1.13847,1.13849,1039999.9619,1000000.0,2019-02-28T13:46:11.668000Z
317,1.13847,1.1385,1039999.9619,1009999.9905,2019-02-28T13:46:11.771000Z
318,1.13847,1.13849,1100000.0238,1389999.9857,2019-02-28T13:46:12.432000Z
319,1.13846,1.13847,2250000.0,1000000.0,2019-02-28T13:46:12.534000Z
320,1.13846,1.13847,1000000.0,1000000.0,2019-02-28T13:46:12.637000Z
321,1.13845,1.13847,3029999.9714,2250000.0,2019-02-28T13:46:12.822000Z
322,1.1384400000000001,1.13848,6559999.9428,6070000.1717,2019-02-28T13:46:13.026000Z
323,1.1384400000000001,1.13847,4309999.9428,3750000.0,2019-02-28T13:46:13.128000Z
324,1.1384400000000001,1.13846,2240000.0095,1000000.0,2019-02-28T13:46:14.004000Z
325,1.13843,1.13846,13069999.6948,4869999.8856,2019-02-28T13:46:14.107000Z
326,1.1384400000000001,1.13846,2390000.1049,3750000.0,2019-02-28T13:46:14.215000Z
327,1.13843,1.13846,2180000.0668,6000000.0,2019-02-28T13:46:14.470000Z
328,1.13843,1.13845,1759999.9905,1200000.0477,2019-02-28T13:46:14.572000Z
329,1.1384200000000002,1.13845,2849999.9046,5570000.1717,2019-02-28T13:46:14.829000Z
330,1.13843,1.13845,1100000.0238,5949999.8093,2019-02-28T13:46:15.033000Z
331,1.1384400000000001,1.13846,2700000.0477,3750000.0,2019-02-28T13:46:15.277000Z
332,1.13846,1.13847,2440000.0572,1000000.0,2019-02-28T13:46:15.685000Z
333,1.13846,1.13848,2619999.8856,1690000.0572,2019-02-28T13:46:15.796000Z
334,1.13845,1.13847,7010000.2289,3750000.0,2019-02-28T13:46:15.847000Z
335,1.13846,1.13848,3450000.0477,3940000.0572,2019-02-28T13:46:16.051000Z
336,1.13847,1.13849,1370000.0048,6000000.0,2019-02-28T13:46:17.928000Z
337,1.13847,1.13848,3940000.0572,3750000.0,2019-02-28T13:46:18.032000Z
338,1.13847,1.13849,3250000.0,3750000.0,2019-02-28T13:46:18.135000Z
339,1.13848,1.1385,6260000.2289,6369999.8856,2019-02-28T13:46:18.344000Z
340,1.13848,1.13849,7760000.2289,1000000.0,2019-02-28T13:46:18.447000Z
341,1.1385,1.1385100000000001,2509999.9905,4869999.8856,2019-02-28T13:46:18.552000Z
342,1.1385,1.1385200000000002,5550000.1907,4199999.8093,2019-02-28T13:46:18.655000Z
343,1.1385200000000002,1.13853,1000000.0,6000000.0,2019-02-28T13:46:18.771000Z
344,1.1385200000000002,1.13853,1000000.0,3750000.0,2019-02-28T13:46:18.873000Z
345,1.13853,1.13854,1000000.0,4869999.8856,2019-02-28T13:46:19.180000Z
346,1.1385200000000002,1.13854,3299999.9523,3750000.0,2019-02-28T13:46:19.328000Z
347,1.13853,1.13855,1000000.0,6000000.0,2019-02-28T13:46:19.482000Z
348,1.13855,1.13856,4690000.0572,2650000.0954,2019-02-28T13:46:19.584000Z
349,1.13856,1.13857,1500000.0,3750000.0,2019-02-28T13:46:19.687000Z
350,1.13855,1.13857,3450000.0477,3750000.0,2019-02-28T13:46:19.807000Z
351,1.13856,1.13857,1000000.0,3750000.0,2019-02-28T13:46:19.909000Z
352,1.13857,1.13858,1120000.0048,2250000.0,2019-02-28T13:46:20.167000Z
353,1.13858,1.13859,6559999.9428,2250000.0,2019-02-28T13:46:20.474000Z
354,1.13863,1.1386500000000002,1250000.0,3819999.9332,2019-02-28T13:46:20.526000Z
355,1.13863,1.13866,2289999.9619,17889999.3896,2019-02-28T13:46:20.632000Z
356,1.1386200000000002,1.13864,9479999.5422,2250000.0,2019-02-28T13:46:20.683000Z
357,1.1386200000000002,1.13864,3190000.0572,1500000.0,2019-02-28T13:46:20.887000Z
358,1.1386200000000002,1.13864,1220000.0286,2250000.0,2019-02-28T13:46:20.989000Z
359,1.1386100000000001,1.13863,6389999.8665,1500000.0,2019-02-28T13:46:21.093000Z
360,1.1386,1.1386100000000001,5130000.1144,1000000.0,2019-02-28T13:46:21.195000Z
361,1.13859,1.1386100000000001,5199999.8093,10949999.8093,2019-02-28T13:46:21.297000Z
362,1.13857,1.13859,1159999.9666,3069999.9332,2019-02-28T13:46:21.348000Z
363,1.13859,1.1386,2059999.9428,3819999.9332,2019-02-28T13:46:21.757000Z
364,1.13859,1.1386,5340000.1526,1000000.0,2019-02-28T13:46:21.859000Z
365,1.13859,1.1386100000000001,3160000.0858,1000000.0,2019-02-28T13:46:21.961000Z
366,1.1386,1.1386200000000002,1690000.0572,2250000.0,2019-02-28T13:46:22.095000Z
367,1.13859,1.1386200000000002,1759999.9905,1500000.0,2019-02-28T13:46:22.248000Z
368,1.13858,1.1386100000000001,3490000.0095,1250000.0,2019-02-28T13:46:22.350000Z
369,1.1386,1.1386200000000002,1120000.0048,1100000.0238,2019-02-28T13:46:22.503000Z
370,1.1386100000000001,1.13864,3890000.1049,12449999.8093,2019-02-28T13:46:22.607000Z
371,1.1386100000000001,1.13863,1570000.0525,1000000.0,2019-02-28T13:46:22.812000Z
372,1.1386100000000001,1.13864,3000000.0,4760000.2289,2019-02-28T13:46:22.914000Z
373,1.1386100000000001,1.13864,1950000.0477,3289999.9619,2019-02-28T13:46:23.061000Z
374,1.1386100000000001,1.13864,2250000.0,1009999.9905,2019-02-28T13:46:23.511000Z
375,1.1386100000000001,1.13864,1100000.0238,2500000.0,2019-02-28T13:46:23.632000Z
376,1.1386,1.1386100000000001,1330000.0429,1500000.0,2019-02-28T13:46:23.734000Z
377,1.13859,1.1386200000000002,2079999.9237,4769999.9809,2019-02-28T13:46:23.838000Z
378,1.13859,1.1386200000000002,3220000.0286,1250000.0,2019-02-28T13:46:23.940000Z
379,1.13859,1.13863,4159999.8474,3259999.9905,2019-02-28T13:46:24.046000Z
380,1.1386,1.1386200000000002,4150000.0954,1000000.0,2019-02-28T13:46:24.251000Z
381,1.13858,1.1386,1000000.0,1000000.0,2019-02-28T13:46:24.353000Z
382,1.13856,1.1386,7949999.8093,5570000.1717,2019-02-28T13:46:24.455000Z
383,1.13856,1.1386,6469999.7902,3849999.9046,2019-02-28T13:46:24.660000Z
384,1.13858,1.1386,1000000.0,2349999.9046,2019-02-28T13:46:25.219000Z
385,1.13857,1.1386,2720000.0286,1309999.9428,2019-02-28T13:46:25.321000Z
386,1.13858,1.1386100000000001,2390000.1049,2319999.9332,2019-02-28T13:46:25.639000Z
387,1.13859,1.1386100000000001,1000000.0,2319999.9332,2019-02-28T13:46:25.792000Z
388,1.13858,1.13863,6280000.2098,6659999.8474,2019-02-28T13:46:25.895000Z
389,1.13859,1.13863,1009999.9905,4389999.8665,2019-02-28T13:46:25.997000Z
390,1.1386,1.13863,2019999.9809,1220000.0286,2019-02-28T13:46:26.132000Z
391,1.1386100000000001,1.13863,5199999.8093,1500000.0,2019-02-28T13:46:26.234000Z
392,1.1386100000000001,1.13864,3819999.9332,1690000.0572,2019-02-28T13:46:26.336000Z
393,1.1386100000000001,1.13863,3819999.9332,1000000.0,2019-02-28T13:46:26.438000Z
394,1.1386100000000001,1.13864,5460000.0381,1500000.0,2019-02-28T13:46:26.707000Z
395,1.1386100000000001,1.13864,6730000.0191,1100000.0238,2019-02-28T13:46:26.809000Z
396,1.1386100000000001,1.13864,5460000.0381,1000000.0,2019-02-28T13:46:27.013000Z
397,1.1386100000000001,1.1386500000000002,3319999.9332,2319999.9332,2019-02-28T13:46:27.369000Z
398,1.1386100000000001,1.13864,5349999.9046,1500000.0,2019-02-28T13:46:27.472000Z
399,1.1386100000000001,1.1386500000000002,8300000.1907,1500000.0,2019-02-28T13:46:27.789000Z
400,1.1386200000000002,1.13864,1330000.0429,1000000.0,2019-02-28T13:46:27.901000Z
401,1.1386200000000002,1.1386500000000002,1009999.9905,1500000.0,2019-02-28T13:46:28.004000Z
402,1.1386200000000002,1.13864,1389999.9857,1000000.0,2019-02-28T13:46:28.107000Z
403,1.1386100000000001,1.1386500000000002,8270000.4578,1570000.0525,2019-02-28T13:46:28.260000Z
404,1.1386100000000001,1.13864,10880000.1144,1000000.0,2019-02-28T13:46:28.590000Z
405,1.1386100000000001,1.1386500000000002,7070000.1717,3069999.9332,2019-02-28T13:46:28.692000Z
406,1.1386100000000001,1.13864,10069999.6948,1000000.0,2019-02-28T13:46:28.844000Z
407,1.1386100000000001,1.1386500000000002,10420000.0763,5579999.9237,2019-02-28T13:46:28.997000Z
408,1.1386200000000002,1.13864,1009999.9905,1000000.0,2019-02-28T13:46:29.609000Z
409,1.1386200000000002,1.1386500000000002,1000000.0,4760000.2289,2019-02-28T13:46:29.759000Z
410,1.1386200000000002,1.13864,1000000.0,1000000.0,2019-02-28T13:46:30.014000Z
411,1.1386200000000002,1.1386500000000002,1100000.0238,3190000.0572,2019-02-28T13:46:30.167000Z
412,1.1386200000000002,1.13864,1100000.0238,1500000.0,2019-02-28T13:46:30.337000Z
413,1.1386200000000002,1.13867,12770000.4578,5159999.8474,2019-02-28T13:46:30.491000Z
414,1.13863,1.13867,2930000.0668,1250000.0,2019-02-28T13:46:30.644000Z
415,1.13864,1.13867,1850000.0238,5139999.8665,2019-02-28T13:46:30.831000Z
416,1.1386500000000002,1.13868,3259999.9905,1000000.0,2019-02-28T13:46:31.087000Z
417,1.13866,1.13869,1100000.0238,2440000.0572,2019-02-28T13:46:31.239000Z
418,1.13866,1.1387,1600000.0238,8600000.3815,2019-02-28T13:46:31.341000Z
419,1.13866,1.13868,1570000.0525,1000000.0,2019-02-28T13:46:31.443000Z
420,1.13867,1.1387,1000000.0,8949999.8093,2019-02-28T13:46:31.927000Z
421,1.13866,1.1387,2319999.9332,8010000.2289,2019-02-28T13:46:32.390000Z
422,1.13867,1.13869,1500000.0,3250000.0,2019-02-28T13:46:32.492000Z
423,1.13866,1.13869,2819999.9332,2500000.0,2019-02-28T13:46:32.594000Z
424,1.13868,1.1387,1000000.0,7820000.1717,2019-02-28T13:46:32.747000Z
425,1.13866,1.13869,3259999.9905,1750000.0,2019-02-28T13:46:32.903000Z
426,1.13867,1.13869,1000000.0,1250000.0,2019-02-28T13:46:33.120000Z
427,1.13866,1.13869,2890000.1049,1250000.0,2019-02-28T13:46:33.374000Z
428,1.13866,1.1387,2160000.0858,10970000.267,2019-02-28T13:46:33.476000Z
429,1.13867,1.13869,2369999.8856,3640000.1049,2019-02-28T13:46:33.976000Z
430,1.13867,1.13869,5429999.8283,1000000.0,2019-02-28T13:46:34.078000Z
431,1.13869,1.13871,1000000.0,1200000.0477,2019-02-28T13:46:34.130000Z
432,1.1387,1.13874,3279999.9714,2140000.1049,2019-02-28T13:46:34.244000Z
433,1.1387,1.13874,2660000.0858,4010000.2289,2019-02-28T13:46:34.346000Z
434,1.13871,1.1387200000000002,1120000.0048,1000000.0,2019-02-28T13:46:34.448000Z
435,1.13869,1.13871,1139999.9857,1120000.0048,2019-02-28T13:46:34.551000Z
436,1.13869,1.1387200000000002,1000000.0,3640000.1049,2019-02-28T13:46:34.658000Z
437,1.13869,1.13871,1000000.0,1000000.0,2019-02-28T13:46:34.761000Z
438,1.13869,1.1387200000000002,1000000.0,3640000.1049,2019-02-28T13:46:34.864000Z
439,1.13869,1.1387200000000002,2420000.0763,1690000.0572,2019-02-28T13:46:35.692000Z
440,1.13869,1.13873,2299999.9523,6320000.1717,2019-02-28T13:46:35.794000Z
441,1.13869,1.13871,1000000.0,1000000.0,2019-02-28T13:46:35.998000Z
442,1.13867,1.1387,1220000.0286,3190000.0572,2019-02-28T13:46:37.304000Z
443,1.13867,1.13871,1100000.0238,5050000.1907,2019-02-28T13:46:37.484000Z
444,1.13866,1.1387,3430000.0668,1250000.0,2019-02-28T13:46:38.455000Z
445,1.13866,1.13871,3220000.0286,22979999.5422,2019-02-28T13:46:38.557000Z
446,1.13866,1.13868,2819999.9332,12189999.5804,2019-02-28T13:46:38.660000Z
447,1.1386500000000002,1.13867,2529999.9714,1100000.0238,2019-02-28T13:46:38.760000Z
448,1.1386500000000002,1.13868,2660000.0858,1220000.0286,2019-02-28T13:46:38.862000Z
449,1.1386500000000002,1.13869,1759999.9905,5510000.2289,2019-02-28T13:46:38.914000Z
450,1.1386500000000002,1.13867,3039999.9619,1000000.0,2019-02-28T13:46:39.016000Z
451,1.13864,1.13868,2890000.1049,7760000.2289,2019-02-28T13:46:39.118000Z
452,1.13864,1.13867,4760000.2289,1000000.0,2019-02-28T13:46:39.300000Z
453,1.13864,1.13868,4760000.2289,5440000.0572,2019-02-28T13:46:39.402000Z
454,1.1386500000000002,1.13867,1169999.9571,1500000.0,2019-02-28T13:46:39.504000Z
455,1.13864,1.13868,4760000.2289,5440000.0572,2019-02-28T13:46:39.882000Z
456,1.13864,1.13866,1590000.0334,1690000.0572,2019-02-28T13:46:40.302000Z
457,1.1386500000000002,1.13867,1500000.0,1570000.0525,2019-02-28T13:46:40.512000Z
458,1.13866,1.13867,1000000.0,1500000.0,2019-02-28T13:46:40.666000Z
459,1.13864,1.13867,5869999.8856,1000000.0,2019-02-28T13:46:40.769000Z
460,1.13864,1.13866,6389999.8665,1000000.0,2019-02-28T13:46:40.973000Z
461,1.13866,1.13868,1250000.0,2059999.9428,2019-02-28T13:46:41.100000Z
462,1.1386500000000002,1.13868,1950000.0477,2059999.9428,2019-02-28T13:46:41.204000Z
463,1.1386500000000002,1.13867,2319999.9332,1000000.0,2019-02-28T13:46:41.360000Z
464,1.1386500000000002,1.13868,2319999.9332,5440000.0572,2019-02-28T13:46:41.513000Z
465,1.1386500000000002,1.13867,2319999.9332,1000000.0,2019-02-28T13:46:41.768000Z
466,1.1386500000000002,1.13868,1100000.0238,2809999.9428,2019-02-28T13:46:41.870000Z
467,1.1386500000000002,1.13868,1809999.9428,3069999.9332,2019-02-28T13:46:42.074000Z
468,1.1386500000000002,1.13868,3240000.0095,3369999.8856,2019-02-28T13:46:42.176000Z
469,1.13867,1.13868,1500000.0,2619999.8856,2019-02-28T13:46:42.321000Z
470,1.13866,1.13868,1000000.0,1120000.0048,2019-02-28T13:46:42.423000Z
471,1.13866,1.13868,1220000.0286,1000000.0,2019-02-28T13:46:42.525000Z
472,1.13866,1.13869,1220000.0286,2890000.1049,2019-02-28T13:46:42.627000Z
473,1.1386500000000002,1.13869,3990000.0095,2509999.9905,2019-02-28T13:46:42.679000Z
474,1.1386500000000002,1.13869,4389999.8665,1250000.0,2019-02-28T13:46:43.185000Z
475,1.13868,1.1387,1000000.0,5949999.8093,2019-02-28T13:46:43.338000Z
476,1.13869,1.13871,1000000.0,1200000.0477,2019-02-28T13:46:43.440000Z
477,1.1387,1.1387200000000002,1500000.0,2440000.0572,2019-02-28T13:46:43.577000Z
478,1.13868,1.1387200000000002,5260000.2289,7010000.2289,2019-02-28T13:46:43.679000Z
479,1.13868,1.1387,1389999.9857,1250000.0,2019-02-28T13:46:43.782000Z
480,1.13867,1.1387,6469999.7902,2440000.0572,2019-02-28T13:46:43.885000Z
481,1.13866,1.1387,4719999.7902,4760000.2289,2019-02-28T13:46:44.092000Z
482,1.13866,1.1387,3039999.9619,4039999.9619,2019-02-28T13:46:44.246000Z
483,1.13867,1.1387,2809999.9428,3069999.9332,2019-02-28T13:46:44.349000Z
484,1.13867,1.1387,4940000.0572,5500000.0,2019-02-28T13:46:44.527000Z
485,1.13867,1.13871,2369999.8856,13600000.3815,2019-02-28T13:46:44.629000Z
486,1.13868,1.13871,2890000.1049,5349999.9046,2019-02-28T13:46:45.895000Z
487,1.13866,1.1387,6780000.2098,2440000.0572,2019-02-28T13:46:46.101000Z
488,1.13868,1.1387,1000000.0,2509999.9905,2019-02-28T13:46:46.230000Z
489,1.13866,1.1387,6289999.9619,2059999.9428,2019-02-28T13:46:46.332000Z
490,1.13869,1.13871,1250000.0,6070000.1717,2019-02-28T13:46:46.879000Z
491,1.13871,1.1387200000000002,2849999.9046,2250000.0,2019-02-28T13:46:46.981000Z
492,1.1387200000000002,1.1387500000000002,2250000.0,2410000.0858,2019-02-28T13:46:47.033000Z
493,1.13873,1.1387500000000002,1000000.0,1250000.0,2019-02-28T13:46:47.135000Z
494,1.1387200000000002,1.1387500000000002,1970000.0286,4690000.0572,2019-02-28T13:46:47.259000Z
495,1.1387200000000002,1.1387500000000002,1200000.0477,2970000.0286,2019-02-28T13:46:47.361000Z
496,1.13871,1.13873,1600000.0238,2440000.0572,2019-02-28T13:46:47.784000Z
497,1.1387,1.13871,1000000.0,2440000.0572,2019-02-28T13:46:47.919000Z
498,1.13866,1.13869,1740000.0095,1250000.0,2019-02-28T13:46:48.022000Z
499,1.1386500000000002,1.13869,4030000.2098,1009999.9905,2019-02-28T13:46:48.124000Z
500,1.1386500000000002,1.13868,5190000.0572,3000000.0,2019-02-28T13:46:48.589000Z
501,1.1386500000000002,1.13869,3250000.0,9260000.2289,2019-02-28T13:46:48.691000Z
502,1.1386500000000002,1.13868,2140000.1049,3099999.9046,2019-02-28T13:46:48.899000Z
503,1.1386500000000002,1.13869,1009999.9905,7010000.2289,2019-02-28T13:46:49.102000Z
504,1.1386500000000002,1.13868,3390000.1049,1500000.0,2019-02-28T13:46:49.792000Z
505,1.13867,1.1387,2250000.0,2910000.0858,2019-02-28T13:46:50.194000Z
506,1.13869,1.1387,1690000.0572,1200000.0477,2019-02-28T13:46:50.246000Z
507,1.1387,1.1387200000000002,1690000.0572,1100000.0238,2019-02-28T13:46:50.350000Z
508,1.13871,1.13873,2500000.0,5699999.8093,2019-02-28T13:46:50.402000Z
509,1.1387200000000002,1.13874,1500000.0,4690000.0572,2019-02-28T13:46:50.455000Z
510,1.13874,1.1387500000000002,1000000.0,1000000.0,2019-02-28T13:46:50.811000Z
511,1.1387500000000002,1.13877,1250000.0,1000000.0,2019-02-28T13:46:50.913000Z
512,1.1387500000000002,1.13878,1009999.9905,2250000.0,2019-02-28T13:46:51.015000Z
513,1.13877,1.13878,1500000.0,2250000.0,2019-02-28T13:46:51.460000Z
514,1.1387500000000002,1.13879,3259999.9905,7929999.8283,2019-02-28T13:46:51.563000Z
515,1.1387500000000002,1.13879,3670000.0763,2809999.9428,2019-02-28T13:46:51.775000Z
516,1.1387500000000002,1.13879,3650000.0954,2890000.1049,2019-02-28T13:46:51.928000Z
517,1.13876,1.13879,1700000.0477,5059999.9428,2019-02-28T13:46:52.081000Z
518,1.13876,1.13879,1570000.0525,2059999.9428,2019-02-28T13:46:52.385000Z
519,1.1387500000000002,1.13879,4380000.1144,4760000.2289,2019-02-28T13:46:52.487000Z
520,1.1387500000000002,1.13878,5650000.0954,1000000.0,2019-02-28T13:46:52.589000Z
521,1.13876,1.13879,1100000.0238,1690000.0572,2019-02-28T13:46:52.951000Z
522,1.13877,1.13879,1000000.0,2440000.0572,2019-02-28T13:46:53.131000Z
523,1.1387500000000002,1.13879,5170000.0763,1250000.0,2019-02-28T13:46:53.234000Z
524,1.13876,1.13878,1940000.0572,4000000.0,2019-02-28T13:46:53.336000Z
525,1.13876,1.13879,2990000.0095,2509999.9905,2019-02-28T13:46:53.438000Z
526,1.13876,1.13878,1570000.0525,1000000.0,2019-02-28T13:46:53.591000Z
527,1.13876,1.13879,4559999.9428,2440000.0572,2019-02-28T13:46:53.693000Z
528,1.13876,1.13878,3369999.8856,1000000.0,2019-02-28T13:46:53.965000Z
529,1.13876,1.13878,3390000.1049,1250000.0,2019-02-28T13:46:54.067000Z
530,1.13877,1.1388,2700000.0477,1690000.0572,2019-02-28T13:46:54.170000Z
531,1.13878,1.13881,1250000.0,6519999.9809,2019-02-28T13:46:54.273000Z
532,1.13878,1.13881,1000000.0,6769999.9809,2019-02-28T13:46:54.333000Z
533,1.13878,1.13881,1519999.9809,1759999.9905,2019-02-28T13:46:54.384000Z
534,1.13879,1.1388200000000002,2230000.0191,7389999.8665,2019-02-28T13:46:54.540000Z
535,1.13878,1.1388200000000002,7019999.9809,2509999.9905,2019-02-28T13:46:54.642000Z
536,1.1388,1.1388200000000002,1500000.0,4500000.0,2019-02-28T13:46:54.745000Z
537,1.13877,1.1388,4110000.1335,1820000.0525,2019-02-28T13:46:54.865000Z
538,1.13876,1.13879,2309999.9428,1250000.0,2019-02-28T13:46:55.018000Z
539,1.13877,1.13879,1000000.0,1250000.0,2019-02-28T13:46:55.286000Z
540,1.13878,1.1388,1000000.0,4070000.1717,2019-02-28T13:46:55.389000Z
541,1.13877,1.1388,1000000.0,4070000.1717,2019-02-28T13:46:55.808000Z
542,1.13877,1.1388,1789999.9619,2200000.0477,2019-02-28T13:46:55.913000Z
543,1.13879,1.1388200000000002,5619999.8856,2289999.9619,2019-02-28T13:46:56.016000Z
544,1.1388,1.1388200000000002,3170000.0763,3940000.0572,2019-02-28T13:46:56.067000Z
545,1.13881,1.13883,1500000.0,1250000.0,2019-02-28T13:46:56.169000Z
546,1.1388200000000002,1.13883,1100000.0238,1690000.0572,2019-02-28T13:46:56.322000Z
547,1.13881,1.13883,1500000.0,1250000.0,2019-02-28T13:46:56.633000Z
548,1.13881,1.13884,1570000.0525,1750000.0,2019-02-28T13:46:57.476000Z
549,1.13881,1.13884,1200000.0477,1690000.0572,2019-02-28T13:46:57.942000Z
550,1.13881,1.13883,3069999.9332,1000000.0,2019-02-28T13:46:58.920000Z
551,1.13881,1.13884,2319999.9332,1690000.0572,2019-02-28T13:46:59.228000Z
552,1.13881,1.13883,3069999.9332,1000000.0,2019-02-28T13:46:59.727000Z
553,1.13881,1.13884,1950000.0477,1690000.0572,2019-02-28T13:46:59.829000Z
554,1.13881,1.13883,2700000.0477,1000000.0,2019-02-28T13:47:00.083000Z
555,1.13881,1.13884,1950000.0477,1690000.0572,2019-02-28T13:47:00.678000Z
556,1.13881,1.13883,2700000.0477,1000000.0,2019-02-28T13:47:00.971000Z
557,1.13881,1.13884,1950000.0477,1250000.0,2019-02-28T13:47:01.073000Z
558,1.13881,1.13883,4929999.8283,1000000.0,2019-02-28T13:47:01.975000Z
559,1.13881,1.13884,4179999.8283,1250000.0,2019-02-28T13:47:02.077000Z
560,1.13883,1.13884,1500000.0,1250000.0,2019-02-28T13:47:02.250000Z
561,1.1388200000000002,1.13884,2250000.0,1250000.0,2019-02-28T13:47:02.352000Z
562,1.13879,1.13881,9989999.7711,4000000.0,2019-02-28T13:47:02.503000Z
563,1.13877,1.1388,2289999.9619,3190000.0572,2019-02-28T13:47:02.606000Z
564,1.13876,1.1388,5519999.9809,1240000.0095,2019-02-28T13:47:02.709000Z
565,1.13877,1.1388,1220000.0286,5139999.8665,2019-02-28T13:47:02.859000Z
566,1.13877,1.13879,1000000.0,1000000.0,2019-02-28T13:47:02.962000Z
567,1.13877,1.1388,1000000.0,4010000.2289,2019-02-28T13:47:03.169000Z
568,1.13877,1.13879,1500000.0,1000000.0,2019-02-28T13:47:03.380000Z
569,1.13877,1.1388,1000000.0,1759999.9905,2019-02-28T13:47:03.482000Z
570,1.13877,1.1388,1110000.0143,5949999.8093,2019-02-28T13:47:03.686000Z
571,1.13876,1.13879,1570000.0525,3559999.9428,2019-02-28T13:47:03.945000Z
572,1.1387500000000002,1.13878,4199999.8093,3190000.0572,2019-02-28T13:47:04.049000Z
573,1.1387500000000002,1.13877,2099999.9046,1000000.0,2019-02-28T13:47:04.151000Z
574,1.13876,1.13878,1000000.0,1690000.0572,2019-02-28T13:47:04.253000Z
575,1.13876,1.13877,1000000.0,1000000.0,2019-02-28T13:47:04.354000Z
576,1.13876,1.13878,1000000.0,2250000.0,2019-02-28T13:47:04.507000Z
577,1.13876,1.13877,1000000.0,1000000.0,2019-02-28T13:47:04.761000Z
578,1.1387500000000002,1.13877,3079999.9237,1250000.0,2019-02-28T13:47:04.913000Z
579,1.1387500000000002,1.13877,1580000.0429,2869999.8856,2019-02-28T13:47:05.063000Z
580,1.1387500000000002,1.13878,1580000.0429,2440000.0572,2019-02-28T13:47:05.165000Z
581,1.1387500000000002,1.13877,1500000.0,1000000.0,2019-02-28T13:47:05.574000Z
582,1.1387500000000002,1.13878,1500000.0,3259999.9905,2019-02-28T13:47:05.688000Z
583,1.13874,1.13877,3019999.9809,1000000.0,2019-02-28T13:47:05.841000Z
584,1.13874,1.1387500000000002,1970000.0286,2250000.0,2019-02-28T13:47:05.893000Z
585,1.1387200000000002,1.1387500000000002,2099999.9046,5250000.0,2019-02-28T13:47:05.996000Z
586,1.1387200000000002,1.1387500000000002,1000000.0,6699999.8093,2019-02-28T13:47:06.103000Z
587,1.13871,1.13874,1690000.0572,1350000.0238,2019-02-28T13:47:06.206000Z
588,1.13871,1.1387500000000002,5679999.8283,6639999.8665,2019-02-28T13:47:06.411000Z
589,1.13871,1.1387500000000002,1200000.0477,4070000.1717,2019-02-28T13:47:06.514000Z
590,1.13871,1.13874,5329999.9237,1389999.9857,2019-02-28T13:47:06.622000Z
591,1.13871,1.13874,4570000.1717,1250000.0,2019-02-28T13:47:06.777000Z
592,1.13871,1.1387500000000002,4010000.2289,1759999.9905,2019-02-28T13:47:06.981000Z
593,1.13871,1.1387500000000002,3069999.9332,5570000.1717,2019-02-28T13:47:07.084000Z
594,1.13871,1.13874,6769999.9809,1000000.0,2019-02-28T13:47:07.761000Z
595,1.13871,1.13874,4219999.7902,1690000.0572,2019-02-28T13:47:07.864000Z
596,1.1387,1.1387200000000002,3470000.0286,2500000.0,2019-02-28T13:47:07.967000Z
597,1.13869,1.13871,3750000.0,1000000.0,2019-02-28T13:47:08.071000Z
598,1.13869,1.1387200000000002,2670000.0763,5059999.9428,2019-02-28T13:47:08.174000Z
599,1.13869,1.1387200000000002,4389999.8665,1220000.0286,2019-02-28T13:47:08.329000Z
600,1.1387,1.13873,3190000.0572,1950000.0477,2019-02-28T13:47:08.465000Z
601,1.13871,1.13874,1690000.0572,1570000.0525,2019-02-28T13:47:08.568000Z
602,1.13871,1.13874,3259999.9905,1250000.0,2019-02-28T13:47:08.671000Z
603,1.13871,1.1387500000000002,3259999.9905,2140000.1049,2019-02-28T13:47:08.782000Z
604,1.1387200000000002,1.1387500000000002,1120000.0048,4760000.2289,2019-02-28T13:47:08.885000Z
605,1.13871,1.1387500000000002,5139999.8665,2890000.1049,2019-02-28T13:47:08.987000Z
606,1.13871,1.1387500000000002,3069999.9332,4820000.1717,2019-02-28T13:47:09.142000Z
607,1.13871,1.1387500000000002,2440000.0572,7849999.9046,2019-02-28T13:47:09.591000Z
608,1.1387,1.13873,3079999.9237,1250000.0,2019-02-28T13:47:09.695000Z
609,1.1387,1.13874,3250000.0,2509999.9905,2019-02-28T13:47:09.798000Z
610,1.1387,1.13874,9180000.3052,4389999.8665,2019-02-28T13:47:10.105000Z
611,1.1387200000000002,1.1387500000000002,1000000.0,2509999.9905,2019-02-28T13:47:11.510000Z
612,1.1387200000000002,1.13874,1000000.0,1000000.0,2019-02-28T13:47:11.924000Z
613,1.1387200000000002,1.1387500000000002,1000000.0,2509999.9905,2019-02-28T13:47:12.026000Z
614,1.1387200000000002,1.13874,1000000.0,1000000.0,2019-02-28T13:47:12.230000Z
615,1.1387200000000002,1.1387500000000002,1000000.0,2509999.9905,2019-02-28T13:47:12.450000Z
616,1.13871,1.1387500000000002,6269999.9809,2509999.9905,2019-02-28T13:47:13.669000Z
617,1.13871,1.13874,12649999.6185,1000000.0,2019-02-28T13:47:13.890000Z
618,1.13871,1.1387500000000002,7019999.9809,2509999.9905,2019-02-28T13:47:14.034000Z
619,1.13871,1.13874,11020000.4578,1000000.0,2019-02-28T13:47:14.443000Z
620,1.13871,1.1387500000000002,7769999.9809,1009999.9905,2019-02-28T13:47:14.600000Z
621,1.13871,1.1387500000000002,9649999.6185,2890000.1049,2019-02-28T13:47:15.267000Z
622,1.13871,1.13874,13399999.6185,1000000.0,2019-02-28T13:47:15.774000Z
623,1.13871,1.1387500000000002,7269999.9809,1389999.9857,2019-02-28T13:47:16.090000Z
624,1.13876,1.13878,2890000.1049,1389999.9857,2019-02-28T13:47:16.237000Z
625,1.13877,1.13879,2700000.0477,1500000.0,2019-02-28T13:47:17.093000Z
626,1.13877,1.13879,1970000.0286,1000000.0,2019-02-28T13:47:18.014000Z
627,1.13877,1.1388,1500000.0,8569999.6948,2019-02-28T13:47:18.116000Z
628,1.13877,1.1388,1500000.0,9260000.2289,2019-02-28T13:47:18.270000Z
629,1.13877,1.1388,1200000.0477,3660000.0858,2019-02-28T13:47:18.650000Z
630,1.13877,1.1388,1220000.0286,3940000.0572,2019-02-28T13:47:19.553000Z
631,1.13877,1.1388,3710000.0381,3470000.0286,2019-02-28T13:47:19.655000Z
632,1.13878,1.1388200000000002,1200000.0477,3819999.9332,2019-02-28T13:47:19.845000Z
633,1.13878,1.1388200000000002,1590000.0334,5699999.8093,2019-02-28T13:47:19.958000Z
634,1.13878,1.1388,3269999.9809,1000000.0,2019-02-28T13:47:20.177000Z
635,1.13877,1.1388,1570000.0525,2809999.9428,2019-02-28T13:47:20.382000Z
636,1.13879,1.1388,1250000.0,1870000.0048,2019-02-28T13:47:20.547000Z
637,1.13881,1.1388200000000002,1419999.9571,3000000.0,2019-02-28T13:47:20.650000Z
638,1.13881,1.13883,3259999.9905,1000000.0,2019-02-28T13:47:20.752000Z
639,1.13881,1.1388500000000001,8039999.9619,3069999.9332,2019-02-28T13:47:20.804000Z
640,1.1388200000000002,1.1388500000000001,1009999.9905,6530000.2098,2019-02-28T13:47:20.906000Z
641,1.13881,1.1388500000000001,3630000.1144,6260000.2289,2019-02-28T13:47:21.059000Z
642,1.13881,1.13884,4380000.1144,1250000.0,2019-02-28T13:47:21.162000Z
643,1.13881,1.13884,5500000.0,1250000.0,2019-02-28T13:47:21.315000Z
644,1.13881,1.13884,1580000.0429,2799999.9523,2019-02-28T13:47:21.880000Z
645,1.1388,1.13883,1080000.0429,2809999.9428,2019-02-28T13:47:21.983000Z
646,1.13877,1.13879,1139999.9857,1000000.0,2019-02-28T13:47:22.124000Z
647,1.13876,1.1388,3250000.0,4010000.2289,2019-02-28T13:47:22.278000Z
648,1.13876,1.1388,3099999.9046,4719999.7902,2019-02-28T13:47:22.380000Z
649,1.13876,1.13879,2529999.9714,1049999.9523,2019-02-28T13:47:22.482000Z
650,1.13876,1.13878,3190000.0572,1000000.0,2019-02-28T13:47:22.824000Z
651,1.1387500000000002,1.13878,6639999.8665,1500000.0,2019-02-28T13:47:22.926000Z
652,1.1387500000000002,1.13878,3680000.0668,1000000.0,2019-02-28T13:47:23.038000Z
653,1.1387500000000002,1.13878,2829999.9237,1100000.0238,2019-02-28T13:47:23.141000Z
654,1.13874,1.13876,1889999.9857,4750000.0,2019-02-28T13:47:23.243000Z
655,1.1387200000000002,1.13876,6489999.7711,2500000.0,2019-02-28T13:47:23.294000Z
656,1.13873,1.13876,1600000.0238,7820000.1717,2019-02-28T13:47:23.552000Z
657,1.13873,1.13876,1200000.0477,3660000.0858,2019-02-28T13:47:23.656000Z
658,1.13873,1.13876,8319999.6948,2250000.0,2019-02-28T13:47:23.758000Z
659,1.13873,1.13877,4010000.2289,2509999.9905,2019-02-28T13:47:23.860000Z
660,1.13874,1.13877,1970000.0286,4010000.2289,2019-02-28T13:47:23.962000Z
661,1.13876,1.1388,1250000.0,17090000.1526,2019-02-28T13:47:24.117000Z
662,1.1387500000000002,1.13878,1990000.0095,1690000.0572,2019-02-28T13:47:24.219000Z
663,1.1387500000000002,1.13877,1000000.0,1250000.0,2019-02-28T13:47:24.322000Z
664,1.13874,1.13877,4389999.8665,1000000.0,2019-02-28T13:47:24.424000Z
665,1.13874,1.13876,3640000.1049,1870000.0048,2019-02-28T13:47:24.526000Z
666,1.13871,1.13874,7219999.7902,1000000.0,2019-02-28T13:47:24.628000Z
667,1.13871,1.1387500000000002,7409999.8474,8569999.6948,2019-02-28T13:47:24.731000Z
668,1.1387200000000002,1.1387500000000002,1120000.0048,8699999.8093,2019-02-28T13:47:24.834000Z
669,1.13871,1.13874,6820000.1717,2119999.8856,2019-02-28T13:47:24.993000Z
670,1.1387200000000002,1.13874,1000000.0,6000000.0,2019-02-28T13:47:25.095000Z
671,1.13871,1.13873,1200000.0477,1389999.9857,2019-02-28T13:47:25.198000Z
672,1.1387,1.13873,4570000.1717,1690000.0572,2019-02-28T13:47:25.520000Z
673,1.13871,1.13873,2529999.9714,2440000.0572,2019-02-28T13:47:25.623000Z
674,1.1387,1.13873,2140000.1049,1250000.0,2019-02-28T13:47:26.178000Z
675,1.1387,1.13873,4909999.8474,1350000.0238,2019-02-28T13:47:26.484000Z
676,1.1387,1.13873,2890000.1049,1000000.0,2019-02-28T13:47:26.586000Z
677,1.1387,1.13873,5929999.8283,1000000.0,2019-02-28T13:47:26.688000Z
678,1.1387,1.13873,4409999.8474,1000000.0,2019-02-28T13:47:26.852000Z
679,1.13871,1.1387500000000002,1389999.9857,3920000.0763,2019-02-28T13:47:26.954000Z
680,1.1387,1.13871,3390000.1049,1950000.0477,2019-02-28T13:47:27.642000Z
681,1.13868,1.13871,1870000.0048,1789999.9619,2019-02-28T13:47:27.861000Z
682,1.13867,1.1387,1500000.0,1759999.9905,2019-02-28T13:47:27.965000Z
683,1.13867,1.13869,1019999.9809,1690000.0572,2019-02-28T13:47:28.067000Z
684,1.13866,1.13869,1500000.0,1889999.9857,2019-02-28T13:47:28.282000Z
685,1.1386500000000002,1.13866,1500000.0,3640000.1049,2019-02-28T13:47:28.333000Z
686,1.13863,1.1386500000000002,1120000.0048,3640000.1049,2019-02-28T13:47:28.435000Z
687,1.1386200000000002,1.1386500000000002,1309999.9428,4219999.7902,2019-02-28T13:47:28.538000Z
688,1.1386200000000002,1.1386500000000002,1309999.9428,6320000.1717,2019-02-28T13:47:28.673000Z
689,1.1386200000000002,1.1386500000000002,1309999.9428,3099999.9046,2019-02-28T13:47:28.979000Z
690,1.1386200000000002,1.1386500000000002,1309999.9428,3849999.9046,2019-02-28T13:47:29.305000Z
691,1.1386100000000001,1.13863,1870000.0048,2250000.0,2019-02-28T13:47:30.495000Z
692,1.13858,1.13859,1000000.0,1200000.0477,2019-02-28T13:47:30.598000Z
693,1.13857,1.1386,1000000.0,7219999.7902,2019-02-28T13:47:30.700000Z
694,1.13855,1.1386,2440000.0572,7599999.9046,2019-02-28T13:47:30.751000Z
695,1.13856,1.1386,1690000.0572,5659999.8474,2019-02-28T13:47:30.912000Z
696,1.13858,1.1386,1000000.0,2140000.1049,2019-02-28T13:47:30.963000Z
697,1.13857,1.1386,1000000.0,2720000.0286,2019-02-28T13:47:31.283000Z
698,1.13857,1.13859,1000000.0,1009999.9905,2019-02-28T13:47:31.385000Z
699,1.13857,1.13859,2440000.0572,1000000.0,2019-02-28T13:47:32.477000Z
700,1.13859,1.1386100000000001,3690000.0572,1000000.0,2019-02-28T13:47:32.623000Z
701,1.1386,1.1386200000000002,1000000.0,1570000.0525,2019-02-28T13:47:32.726000Z
702,1.1386100000000001,1.13863,1000000.0,3220000.0286,2019-02-28T13:47:32.879000Z
703,1.1386,1.13864,1250000.0,3410000.0858,2019-02-28T13:47:33.138000Z
704,1.1386,1.13863,2809999.9428,1200000.0477,2019-02-28T13:47:33.240000Z
705,1.1386100000000001,1.13864,1120000.0048,5539999.9619,2019-02-28T13:47:33.342000Z
706,1.1386,1.13864,3190000.0572,1409999.9666,2019-02-28T13:47:33.607000Z
707,1.1386,1.13864,4750000.0,1220000.0286,2019-02-28T13:47:33.715000Z
708,1.1386100000000001,1.13864,1250000.0,1950000.0477,2019-02-28T13:47:33.817000Z
709,1.1386100000000001,1.1386500000000002,2539999.9619,7909999.8474,2019-02-28T13:47:34.123000Z
710,1.1386200000000002,1.1386500000000002,1250000.0,1200000.0477,2019-02-28T13:47:34.329000Z
711,1.13864,1.13866,2569999.9332,3000000.0,2019-02-28T13:47:34.432000Z
712,1.13864,1.13866,1389999.9857,1000000.0,2019-02-28T13:47:34.586000Z
713,1.1386200000000002,1.1386500000000002,5320000.1717,3250000.0,2019-02-28T13:47:34.955000Z
714,1.1386200000000002,1.1386500000000002,1700000.0477,5659999.8474,2019-02-28T13:47:35.058000Z
715,1.1386100000000001,1.1386500000000002,1389999.9857,2509999.9905,2019-02-28T13:47:35.110000Z
716,1.1386100000000001,1.1386500000000002,1409999.9666,3789999.9619,2019-02-28T13:47:35.468000Z
717,1.13864,1.13866,1120000.0048,3970000.0286,2019-02-28T13:47:36.006000Z
718,1.13863,1.1386500000000002,1000000.0,2970000.0286,2019-02-28T13:47:36.110000Z
719,1.1386200000000002,1.1386500000000002,1309999.9428,1600000.0238,2019-02-28T13:47:36.214000Z
720,1.13864,1.13866,4750000.0,7570000.1717,2019-02-28T13:47:36.449000Z
721,1.13866,1.13867,1000000.0,3000000.0,2019-02-28T13:47:36.553000Z
722,1.1386200000000002,1.13866,8289999.9619,2809999.9428,2019-02-28T13:47:36.656000Z
723,1.1386200000000002,1.1386500000000002,3069999.9332,1309999.9428,2019-02-28T13:47:36.760000Z
724,1.1386200000000002,1.1386500000000002,3319999.9332,2250000.0,2019-02-28T13:47:36.905000Z
725,1.1386200000000002,1.1386500000000002,2140000.1049,1000000.0,2019-02-28T13:47:37.007000Z
726,1.1386200000000002,1.13866,2140000.1049,8060000.4196,2019-02-28T13:47:37.313000Z
727,1.1386200000000002,1.1386500000000002,2890000.1049,2500000.0,2019-02-28T13:47:37.432000Z
728,1.13863,1.1386500000000002,1759999.9905,2440000.0572,2019-02-28T13:47:37.688000Z
729,1.13866,1.13867,1000000.0,1870000.0048,2019-02-28T13:47:38.052000Z
730,1.13867,1.13868,1000000.0,1000000.0,2019-02-28T13:47:38.105000Z
731,1.13866,1.13869,2319999.9332,9260000.2289,2019-02-28T13:47:38.208000Z
732,1.13866,1.13868,1200000.0477,1500000.0,2019-02-28T13:47:38.402000Z
733,1.1386500000000002,1.13869,5289999.9619,3559999.9428,2019-02-28T13:47:38.504000Z
734,1.13866,1.13868,2319999.9332,1120000.0048,2019-02-28T13:47:38.607000Z
735,1.13866,1.1387,3819999.9332,6000000.0,2019-02-28T13:47:38.709000Z
736,1.13866,1.1387,3220000.0286,3000000.0,2019-02-28T13:47:38.812000Z
737,1.13867,1.1387,3099999.9046,1309999.9428,2019-02-28T13:47:39.672000Z
738,1.13867,1.1387,2700000.0477,1250000.0,2019-02-28T13:47:39.775000Z
739,1.13867,1.1387,1100000.0238,3250000.0,2019-02-28T13:47:39.979000Z
740,1.1387,1.1387200000000002,1120000.0048,9899999.6185,2019-02-28T13:47:40.182000Z
741,1.1387200000000002,1.13873,1870000.0048,1250000.0,2019-02-28T13:47:40.318000Z
742,1.13873,1.1387500000000002,1000000.0,3700000.0477,2019-02-28T13:47:40.472000Z
743,1.1387200000000002,1.13874,4500000.0,1250000.0,2019-02-28T13:47:40.728000Z
744,1.1387200000000002,1.1387500000000002,8140000.3433,1250000.0,2019-02-28T13:47:41.355000Z
745,1.1387200000000002,1.1387500000000002,2509999.9905,1120000.0048,2019-02-28T13:47:45.575000Z
746,1.13874,1.13877,4010000.2289,1200000.0477,2019-02-28T13:47:45.788000Z
747,1.13874,1.13878,6639999.8665,4309999.9428,2019-02-28T13:47:45.890000Z
748,1.13874,1.13877,4199999.8093,1250000.0,2019-02-28T13:47:45.992000Z
749,1.13874,1.13876,1950000.0477,1000000.0,2019-02-28T13:47:46.416000Z
750,1.1387500000000002,1.13877,1200000.0477,1690000.0572,2019-02-28T13:47:46.568000Z
751,1.1387500000000002,1.13878,1950000.0477,3640000.1049,2019-02-28T13:47:46.671000Z
752,1.1387500000000002,1.13877,1000000.0,1000000.0,2019-02-28T13:47:46.887000Z
753,1.13874,1.13877,4760000.2289,1000000.0,2019-02-28T13:47:47.558000Z
754,1.13873,1.13876,8470000.267,8439999.5804,2019-02-28T13:47:48.351000Z
755,1.13873,1.13876,4500000.0,8090000.1526,2019-02-28T13:47:48.453000Z
756,1.13873,1.13874,4869999.8856,1000000.0,2019-02-28T13:47:49.016000Z
757,1.13873,1.13876,3750000.0,8619999.8856,2019-02-28T13:47:49.120000Z
758,1.1387200000000002,1.1387500000000002,3450000.0477,2440000.0572,2019-02-28T13:47:49.786000Z
759,1.1387200000000002,1.13874,1200000.0477,2440000.0572,2019-02-28T13:47:50.529000Z
760,1.13869,1.13871,15069999.6948,3349999.9046,2019-02-28T13:47:50.631000Z
761,1.13869,1.1387,1200000.0477,1000000.0,2019-02-28T13:47:50.735000Z
762,1.13871,1.1387200000000002,1100000.0238,1500000.0,2019-02-28T13:47:50.838000Z
763,1.13871,1.13874,3069999.9332,1250000.0,2019-02-28T13:47:50.940000Z
764,1.13871,1.1387500000000002,3599999.9046,1750000.0,2019-02-28T13:47:51.044000Z
765,1.13871,1.13876,2700000.0477,6699999.8093,2019-02-28T13:47:51.147000Z
766,1.13871,1.1387500000000002,3849999.9046,1250000.0,2019-02-28T13:47:51.250000Z
767,1.13871,1.13874,7199999.8093,1250000.0,2019-02-28T13:47:51.457000Z
768,1.13871,1.1387500000000002,5469999.7902,1250000.0,2019-02-28T13:47:51.559000Z
769,1.13871,1.13873,6469999.7902,1000000.0,2019-02-28T13:47:51.924000Z
770,1.13871,1.13874,5719999.7902,1250000.0,2019-02-28T13:47:52.098000Z
771,1.1387200000000002,1.1387500000000002,5260000.2289,1000000.0,2019-02-28T13:47:52.216000Z
772,1.13873,1.13874,1100000.0238,1000000.0,2019-02-28T13:47:52.726000Z
773,1.1387200000000002,1.1387500000000002,1700000.0477,1250000.0,2019-02-28T13:47:53.112000Z
774,1.1387200000000002,1.13874,1700000.0477,1000000.0,2019-02-28T13:47:53.215000Z
775,1.1387200000000002,1.1387500000000002,1570000.0525,1250000.0,2019-02-28T13:47:53.318000Z
776,1.1387200000000002,1.13876,10350000.3815,3700000.0477,2019-02-28T13:47:55.951000Z
777,1.1387200000000002,1.1387500000000002,9449999.8093,1250000.0,2019-02-28T13:47:56.104000Z
778,1.13873,1.13876,1000000.0,4369999.8856,2019-02-28T13:47:56.221000Z
779,1.13874,1.13876,1000000.0,4369999.8856,2019-02-28T13:47:56.323000Z
780,1.1387500000000002,1.13877,5690000.0572,3369999.8856,2019-02-28T13:47:56.579000Z
781,1.13876,1.13878,1500000.0,1500000.0,2019-02-28T13:47:56.631000Z
782,1.13876,1.13877,2250000.0,1000000.0,2019-02-28T13:47:56.902000Z
783,1.13876,1.13878,1000000.0,1500000.0,2019-02-28T13:47:57.005000Z
784,1.13876,1.13877,1950000.0477,1000000.0,2019-02-28T13:47:57.158000Z
785,1.13876,1.13878,1570000.0525,1500000.0,2019-02-28T13:47:57.260000Z
786,1.13876,1.1388,3819999.9332,12189999.5804,2019-02-28T13:47:57.460000Z
787,1.13876,1.1388,2470000.0286,5199999.8093,2019-02-28T13:47:57.563000Z
788,1.13876,1.1388,2319999.9332,4750000.0,2019-02-28T13:47:57.767000Z
789,1.13877,1.13879,1000000.0,1690000.0572,2019-02-28T13:47:58.382000Z
790,1.13877,1.1388,2289999.9619,1000000.0,2019-02-28T13:48:00.252000Z
791,1.1388,1.1388200000000002,3259999.9905,1000000.0,2019-02-28T13:48:00.303000Z
792,1.13881,1.1388500000000001,3000000.0,1820000.0525,2019-02-28T13:48:00.362000Z
793,1.13881,1.1388500000000001,9229999.5422,3250000.0,2019-02-28T13:48:00.516000Z
794,1.13881,1.1388500000000001,7570000.1717,4000000.0,2019-02-28T13:48:00.670000Z
795,1.13881,1.1388500000000001,7789999.9619,5750000.0,2019-02-28T13:48:00.830000Z
796,1.13881,1.1388500000000001,4570000.1717,6360000.1335,2019-02-28T13:48:01.740000Z
797,1.13881,1.13883,1100000.0238,1250000.0,2019-02-28T13:48:01.987000Z
798,1.1388,1.13881,3069999.9332,3750000.0,2019-02-28T13:48:02.090000Z
799,1.13878,1.1388,4369999.8856,2440000.0572,2019-02-28T13:48:02.196000Z
800,1.13876,1.1388,2700000.0477,4000000.0,2019-02-28T13:48:02.319000Z
801,1.13877,1.13879,1220000.0286,1000000.0,2019-02-28T13:48:02.730000Z
802,1.13877,1.1388,1200000.0477,1250000.0,2019-02-28T13:48:02.832000Z
803,1.13878,1.1388,1250000.0,4429999.8283,2019-02-28T13:48:04.577000Z
804,1.13877,1.1388,2140000.1049,4239999.7711,2019-02-28T13:48:04.681000Z
805,1.13879,1.1388,1500000.0,4050000.1907,2019-02-28T13:48:04.836000Z
806,1.1388,1.13883,3640000.1049,1500000.0,2019-02-28T13:48:04.888000Z
807,1.1388,1.13884,1200000.0477,6250000.0,2019-02-28T13:48:05.043000Z
808,1.1388200000000002,1.13884,1000000.0,1690000.0572,2019-02-28T13:48:05.095000Z
809,1.1388,1.13884,7199999.8093,4369999.8856,2019-02-28T13:48:05.193000Z
810,1.13881,1.13883,1000000.0,4000000.0,2019-02-28T13:48:05.245000Z
811,1.13878,1.1388,6070000.1717,1750000.0,2019-02-28T13:48:05.349000Z
812,1.13876,1.1388,7769999.9809,2119999.8856,2019-02-28T13:48:05.451000Z
813,1.13876,1.1388,7739999.7711,5869999.8856,2019-02-28T13:48:05.554000Z
814,1.13873,1.1387500000000002,4500000.0,1690000.0572,2019-02-28T13:48:05.705000Z
815,1.1387200000000002,1.13876,3069999.9332,10260000.2289,2019-02-28T13:48:06.218000Z
816,1.1387500000000002,1.13876,2250000.0,7570000.1717,2019-02-28T13:48:06.321000Z
817,1.13874,1.13877,2980000.0191,1759999.9905,2019-02-28T13:48:06.561000Z
818,1.1387500000000002,1.13877,1929999.9475,4389999.8665,2019-02-28T13:48:06.664000Z
819,1.1387500000000002,1.13876,1950000.0477,1000000.0,2019-02-28T13:48:06.766000Z
820,1.1387500000000002,1.13877,1950000.0477,1009999.9905,2019-02-28T13:48:06.868000Z
821,1.1387500000000002,1.13876,1200000.0477,1000000.0,2019-02-28T13:48:07.507000Z
822,1.13874,1.13877,7179999.8283,3940000.0572,2019-02-28T13:48:07.609000Z
823,1.1387500000000002,1.13877,1000000.0,1250000.0,2019-02-28T13:48:07.757000Z
824,1.1387500000000002,1.13876,2250000.0,1000000.0,2019-02-28T13:48:08.107000Z
825,1.1387500000000002,1.13877,2250000.0,1250000.0,2019-02-28T13:48:08.208000Z
826,1.13874,1.13877,6429999.8283,1690000.0572,2019-02-28T13:48:08.615000Z
827,1.13874,1.13877,7219999.7902,1250000.0,2019-02-28T13:48:08.717000Z
828,1.13874,1.13878,5889999.8665,4260000.2289,2019-02-28T13:48:10.168000Z
829,1.13874,1.13878,6949999.8093,4260000.2289,2019-02-28T13:48:10.429000Z
830,1.13874,1.13878,7760000.2289,3509999.9905,2019-02-28T13:48:10.579000Z
831,1.13874,1.13877,3819999.9332,1690000.0572,2019-02-28T13:48:10.686000Z
832,1.13873,1.13876,12119999.8856,1000000.0,2019-02-28T13:48:10.788000Z
833,1.13873,1.13877,7289999.9619,1759999.9905,2019-02-28T13:48:10.890000Z
834,1.13874,1.13877,1100000.0238,2440000.0572,2019-02-28T13:48:10.991000Z
835,1.13873,1.1387500000000002,4500000.0,1350000.0238,2019-02-28T13:48:11.101000Z
836,1.1387200000000002,1.1387500000000002,3190000.0572,1750000.0,2019-02-28T13:48:11.611000Z
837,1.13873,1.1387500000000002,1250000.0,2009999.9905,2019-02-28T13:48:11.750000Z
838,1.1387200000000002,1.13876,4500000.0,9090000.1526,2019-02-28T13:48:11.853000Z
839,1.13873,1.13876,1000000.0,7519999.9809,2019-02-28T13:48:11.956000Z
840,1.1387200000000002,1.1387500000000002,3369999.8856,1009999.9905,2019-02-28T13:48:12.159000Z
841,1.1387200000000002,1.1387500000000002,2539999.9619,4000000.0,2019-02-28T13:48:14.379000Z
842,1.1387200000000002,1.13876,3190000.0572,9840000.1526,2019-02-28T13:48:14.481000Z
843,1.1387200000000002,1.13874,2619999.8856,1250000.0,2019-02-28T13:48:15.620000Z
844,1.1387200000000002,1.13874,1500000.0,1759999.9905,2019-02-28T13:48:15.723000Z
845,1.13871,1.1387500000000002,2700000.0477,10819999.6948,2019-02-28T13:48:18.045000Z
846,1.1387200000000002,1.13874,1000000.0,1250000.0,2019-02-28T13:48:18.301000Z
847,1.13871,1.1387500000000002,4570000.1717,4070000.1717,2019-02-28T13:48:18.458000Z
848,1.1387200000000002,1.1387500000000002,1000000.0,5949999.8093,2019-02-28T13:48:18.663000Z
849,1.1387200000000002,1.1387500000000002,1500000.0,3259999.9905,2019-02-28T13:48:20.078000Z
850,1.1387200000000002,1.13874,2619999.8856,1000000.0,2019-02-28T13:48:20.765000Z
851,1.1387200000000002,1.1387500000000002,1500000.0,4760000.2289,2019-02-28T13:48:20.893000Z
852,1.13871,1.13874,5699999.8093,3190000.0572,2019-02-28T13:48:21.156000Z
853,1.1387,1.1387200000000002,8319999.6948,1000000.0,2019-02-28T13:48:21.406000Z
854,1.13867,1.1387,5809999.9428,4750000.0,2019-02-28T13:48:21.560000Z
855,1.13867,1.1387,1870000.0048,4010000.2289,2019-02-28T13:48:21.921000Z
856,1.13866,1.1387,5889999.8665,2140000.1049,2019-02-28T13:48:22.634000Z
857,1.13866,1.1387,5059999.9428,3660000.0858,2019-02-28T13:48:22.736000Z
858,1.13867,1.13869,1120000.0048,2509999.9905,2019-02-28T13:48:22.991000Z
859,1.13866,1.13869,3369999.8856,2509999.9905,2019-02-28T13:48:23.093000Z
860,1.13866,1.13869,4599999.9046,2440000.0572,2019-02-28T13:48:25.004000Z
861,1.13866,1.13869,3000000.0,3940000.0572,2019-02-28T13:48:25.281000Z
862,1.13867,1.13869,1120000.0048,1690000.0572,2019-02-28T13:48:25.485000Z
863,1.13866,1.1387,3369999.8856,12699999.8093,2019-02-28T13:48:25.957000Z
864,1.13867,1.13868,1000000.0,1000000.0,2019-02-28T13:48:27.812000Z
865,1.13866,1.13869,5250000.0,6639999.8665,2019-02-28T13:48:27.915000Z
866,1.13866,1.1387,3940000.0572,5889999.8665,2019-02-28T13:48:28.018000Z
867,1.13867,1.13869,1870000.0048,1500000.0,2019-02-28T13:48:28.120000Z
868,1.13866,1.1387,6289999.9619,4760000.2289,2019-02-28T13:48:28.228000Z
869,1.13866,1.13869,8539999.9619,1000000.0,2019-02-28T13:48:28.539000Z
870,1.13866,1.1387,5539999.9619,4389999.8665,2019-02-28T13:48:29.059000Z
871,1.13867,1.13869,1200000.0477,1000000.0,2019-02-28T13:48:29.161000Z
872,1.13866,1.1387,4039999.9619,9699999.8093,2019-02-28T13:48:29.314000Z
873,1.13866,1.13867,2440000.0572,3000000.0,2019-02-28T13:48:30.837000Z
874,1.13864,1.1386500000000002,1000000.0,1250000.0,2019-02-28T13:48:30.888000Z
875,1.13863,1.13864,2250000.0,1000000.0,2019-02-28T13:48:31.042000Z
876,1.13864,1.1386500000000002,1000000.0,1250000.0,2019-02-28T13:48:31.143000Z
877,1.13863,1.1386500000000002,1690000.0572,1250000.0,2019-02-28T13:48:31.325000Z
878,1.13864,1.13866,3190000.0572,2250000.0,2019-02-28T13:48:32.607000Z
879,1.1386500000000002,1.13866,4500000.0,1000000.0,2019-02-28T13:48:32.747000Z
880,1.13866,1.13869,1120000.0048,4690000.0572,2019-02-28T13:48:32.799000Z
881,1.13866,1.13869,5559999.9428,3369999.8856,2019-02-28T13:48:33.054000Z
882,1.13866,1.1387,6260000.2289,7309999.9428,2019-02-28T13:48:33.156000Z
883,1.13867,1.13869,1000000.0,2440000.0572,2019-02-28T13:48:33.360000Z
884,1.1386500000000002,1.13869,11659999.8474,3250000.0,2019-02-28T13:48:33.462000Z
885,1.1386500000000002,1.13869,10890000.3433,1250000.0,2019-02-28T13:48:33.564000Z
886,1.13867,1.13869,1000000.0,3559999.9428,2019-02-28T13:48:33.900000Z
887,1.13868,1.13869,1000000.0,1000000.0,2019-02-28T13:48:34.185000Z
888,1.13871,1.13873,2660000.0858,1750000.0,2019-02-28T13:48:34.287000Z
889,1.1387,1.13871,1500000.0,2059999.9428,2019-02-28T13:48:34.456000Z
890,1.1387,1.1387200000000002,1389999.9857,2500000.0,2019-02-28T13:48:34.613000Z
891,1.1387,1.13873,2509999.9905,1500000.0,2019-02-28T13:48:34.718000Z
892,1.13869,1.1387200000000002,3220000.0286,1250000.0,2019-02-28T13:48:34.821000Z
893,1.13869,1.13871,1570000.0525,1750000.0,2019-02-28T13:48:34.894000Z
894,1.13867,1.1387,4389999.8665,1250000.0,2019-02-28T13:48:34.952000Z
895,1.13867,1.1387,1600000.0238,5500000.0,2019-02-28T13:48:35.459000Z
896,1.13867,1.1387,1220000.0286,3940000.0572,2019-02-28T13:48:35.612000Z
897,1.13867,1.13871,1100000.0238,14869999.8856,2019-02-28T13:48:35.765000Z
898,1.13867,1.13869,1200000.0477,1000000.0,2019-02-28T13:48:35.867000Z
899,1.13867,1.1387,1100000.0238,1250000.0,2019-02-28T13:48:35.968000Z
900,1.13866,1.13869,11659999.8474,1000000.0,2019-02-28T13:48:36.171000Z
901,1.13866,1.1387,8909999.8474,4690000.0572,2019-02-28T13:48:36.449000Z
902,1.13866,1.13869,11659999.8474,1000000.0,2019-02-28T13:48:36.859000Z
903,1.13866,1.1387,9289999.9619,1690000.0572,2019-02-28T13:48:36.961000Z
904,1.13867,1.1387,6039999.9619,1870000.0048,2019-02-28T13:48:37.115000Z
905,1.13867,1.13871,2890000.1049,9619999.8856,2019-02-28T13:48:37.231000Z
906,1.13867,1.13871,3039999.9619,13449999.8093,2019-02-28T13:48:37.436000Z
907,1.13867,1.13871,1759999.9905,14869999.8856,2019-02-28T13:48:37.538000Z
908,1.13866,1.1387,11909999.8474,3190000.0572,2019-02-28T13:48:38.462000Z
909,1.13867,1.1387,1570000.0525,2869999.8856,2019-02-28T13:48:42.576000Z
910,1.13866,1.13869,3369999.8856,3099999.9046,2019-02-28T13:48:43.029000Z
911,1.13864,1.1386500000000002,1500000.0,4690000.0572,2019-02-28T13:48:43.131000Z
912,1.13863,1.1386500000000002,1120000.0048,2440000.0572,2019-02-28T13:48:43.233000Z
913,1.1386200000000002,1.1386500000000002,6449999.8093,1690000.0572,2019-02-28T13:48:43.335000Z
914,1.1386200000000002,1.13864,5699999.8093,1000000.0,2019-02-28T13:48:43.709000Z
915,1.1386200000000002,1.13864,6099999.9046,1000000.0,2019-02-28T13:48:43.980000Z
916,1.1386200000000002,1.1386500000000002,3099999.9046,1690000.0572,2019-02-28T13:48:44.083000Z
917,1.1386200000000002,1.13864,4949999.8093,1000000.0,2019-02-28T13:48:44.196000Z
918,1.1386200000000002,1.1386500000000002,3819999.9332,2440000.0572,2019-02-28T13:48:44.401000Z
919,1.13863,1.13866,1250000.0,7369999.8856,2019-02-28T13:48:44.757000Z
920,1.1386200000000002,1.1386500000000002,2319999.9332,2809999.9428,2019-02-28T13:48:45.205000Z
921,1.1386200000000002,1.13864,1950000.0477,1000000.0,2019-02-28T13:48:46.442000Z
922,1.1386200000000002,1.1386500000000002,1870000.0048,2059999.9428,2019-02-28T13:48:46.573000Z
923,1.1386200000000002,1.13863,1000000.0,1000000.0,2019-02-28T13:48:46.675000Z
924,1.1386,1.1386100000000001,1000000.0,1250000.0,2019-02-28T13:48:46.779000Z
925,1.13858,1.1386200000000002,4949999.8093,4369999.8856,2019-02-28T13:48:46.831000Z
926,1.13859,1.1386100000000001,1870000.0048,1000000.0,2019-02-28T13:48:46.933000Z
927,1.1386,1.1386200000000002,1000000.0,5440000.0572,2019-02-28T13:48:47.083000Z
928,1.13858,1.1386200000000002,6260000.2289,3190000.0572,2019-02-28T13:48:47.135000Z
929,1.13859,1.1386200000000002,1100000.0238,2440000.0572,2019-02-28T13:48:47.237000Z
930,1.13858,1.1386200000000002,6260000.2289,3190000.0572,2019-02-28T13:48:47.644000Z
931,1.13859,1.1386200000000002,1500000.0,2440000.0572,2019-02-28T13:48:47.792000Z
932,1.13858,1.13863,4199999.8093,9260000.2289,2019-02-28T13:48:48.048000Z
933,1.13858,1.1386200000000002,6820000.1717,1500000.0,2019-02-28T13:48:48.151000Z
934,1.13858,1.1386100000000001,2700000.0477,1250000.0,2019-02-28T13:48:48.665000Z
935,1.13859,1.1386100000000001,1409999.9666,1250000.0,2019-02-28T13:48:49.220000Z
936,1.1386100000000001,1.13863,1000000.0,4389999.8665,2019-02-28T13:48:49.271000Z
937,1.1386200000000002,1.13864,1500000.0,1570000.0525,2019-02-28T13:48:49.475000Z
938,1.1386200000000002,1.1386500000000002,3190000.0572,1500000.0,2019-02-28T13:48:49.789000Z
939,1.1386200000000002,1.1386500000000002,1789999.9619,2250000.0,2019-02-28T13:48:49.891000Z
940,1.1386200000000002,1.13866,2319999.9332,21350000.3815,2019-02-28T13:48:49.993000Z
941,1.1386200000000002,1.13866,1600000.0238,20879999.1608,2019-02-28T13:48:50.096000Z
942,1.1386200000000002,1.13866,1570000.0525,23139999.3896,2019-02-28T13:48:50.245000Z
943,1.1386200000000002,1.1386500000000002,2700000.0477,5139999.8665,2019-02-28T13:48:51.602000Z
944,1.1386200000000002,1.1386500000000002,1100000.0238,2890000.1049,2019-02-28T13:48:51.704000Z
945,1.1386200000000002,1.1386500000000002,3069999.9332,18639999.3896,2019-02-28T13:48:52.190000Z
946,1.1386200000000002,1.1386500000000002,1100000.0238,2890000.1049,2019-02-28T13:48:52.394000Z
947,1.1386200000000002,1.1386500000000002,1100000.0238,1000000.0,2019-02-28T13:48:52.726000Z
948,1.1386200000000002,1.1386500000000002,2319999.9332,5889999.8665,2019-02-28T13:48:52.871000Z
949,1.1386200000000002,1.1386500000000002,1759999.9905,4070000.1717,2019-02-28T13:48:53.390000Z
950,1.1386200000000002,1.1386500000000002,1759999.9905,5320000.1717,2019-02-28T13:48:53.666000Z
951,1.13863,1.1386500000000002,1120000.0048,1000000.0,2019-02-28T13:48:54.844000Z
952,1.1386200000000002,1.1386500000000002,5699999.8093,2250000.0,2019-02-28T13:48:55.058000Z
953,1.13864,1.1386500000000002,1000000.0,2250000.0,2019-02-28T13:48:55.149000Z
954,1.13866,1.13868,1309999.9428,4889999.8665,2019-02-28T13:48:55.253000Z
955,1.13866,1.13869,1389999.9857,1000000.0,2019-02-28T13:48:55.355000Z
956,1.13866,1.13869,2140000.1049,1750000.0,2019-02-28T13:48:56.176000Z
957,1.1386500000000002,1.13867,1970000.0286,8659999.8474,2019-02-28T13:48:56.278000Z
958,1.13863,1.13866,1220000.0286,4690000.0572,2019-02-28T13:48:56.330000Z
959,1.1386200000000002,1.1386500000000002,7010000.2289,5099999.9046,2019-02-28T13:48:56.433000Z
960,1.13864,1.13867,2059999.9428,2319999.9332,2019-02-28T13:48:58.244000Z
961,1.13864,1.13867,4070000.1717,2250000.0,2019-02-28T13:48:58.347000Z
962,1.13864,1.13866,1690000.0572,1500000.0,2019-02-28T13:48:58.449000Z
963,1.1386500000000002,1.13867,1250000.0,8289999.9619,2019-02-28T13:48:59.058000Z
964,1.13863,1.13866,12170000.0763,1000000.0,2019-02-28T13:48:59.261000Z
965,1.13863,1.13867,12170000.0763,5250000.0,2019-02-28T13:48:59.403000Z
966,1.13864,1.13867,1250000.0,5250000.0,2019-02-28T13:48:59.504000Z
967,1.13863,1.13867,11420000.0763,5250000.0,2019-02-28T13:49:00.126000Z
968,1.13864,1.13866,3059999.9428,3000000.0,2019-02-28T13:49:00.228000Z
969,1.13864,1.13867,4599999.9046,2250000.0,2019-02-28T13:49:00.381000Z
970,1.1386500000000002,1.13867,5159999.8474,1000000.0,2019-02-28T13:49:00.539000Z
971,1.13866,1.13869,1100000.0238,1750000.0,2019-02-28T13:49:00.641000Z
972,1.13866,1.13867,1570000.0525,1000000.0,2019-02-28T13:49:01.263000Z
973,1.13866,1.13868,1200000.0477,1690000.0572,2019-02-28T13:49:01.365000Z
974,1.13866,1.13867,1950000.0477,1000000.0,2019-02-28T13:49:01.827000Z
975,1.13866,1.13868,1570000.0525,1690000.0572,2019-02-28T13:49:01.929000Z
976,1.13866,1.13869,3700000.0477,2250000.0,2019-02-28T13:49:02.396000Z
977,1.13868,1.13869,1250000.0,1000000.0,2019-02-28T13:49:02.584000Z
978,1.13868,1.1387,2769999.9809,1500000.0,2019-02-28T13:49:02.688000Z
979,1.13868,1.1387,3549999.9523,1000000.0,2019-02-28T13:49:02.792000Z
980,1.13868,1.13871,2539999.9619,3000000.0,2019-02-28T13:49:02.894000Z
981,1.13868,1.1387200000000002,2289999.9619,7760000.2289,2019-02-28T13:49:03.098000Z
982,1.13868,1.13871,3299999.9523,2250000.0,2019-02-28T13:49:03.206000Z
983,1.13868,1.1387200000000002,2289999.9619,6260000.2289,2019-02-28T13:49:03.359000Z
984,1.13868,1.13871,2289999.9619,2250000.0,2019-02-28T13:49:03.512000Z
985,1.13868,1.1387200000000002,2289999.9619,7760000.2289,2019-02-28T13:49:03.615000Z
986,1.13868,1.13871,2289999.9619,1000000.0,2019-02-28T13:49:03.820000Z
987,1.13868,1.1387,1850000.0238,1000000.0,2019-02-28T13:49:04.230000Z
988,1.13867,1.1387,2349999.9046,5150000.0954,2019-02-28T13:49:04.423000Z
989,1.13866,1.1387,4199999.8093,7969999.7902,2019-02-28T13:49:04.525000Z
990,1.13866,1.13869,5449999.8093,1250000.0,2019-02-28T13:49:04.963000Z
991,1.13866,1.13869,4570000.1717,1539999.9619,2019-02-28T13:49:05.181000Z
992,1.13866,1.13868,2319999.9332,1309999.9428,2019-02-28T13:49:06.306000Z
993,1.1386500000000002,1.13866,1000000.0,4690000.0572,2019-02-28T13:49:06.357000Z
994,1.13864,1.1386500000000002,1870000.0048,1000000.0,2019-02-28T13:49:06.409000Z
995,1.13863,1.13866,3569999.9332,1250000.0,2019-02-28T13:49:06.512000Z
996,1.13863,1.1386500000000002,2450000.0477,2440000.0572,2019-02-28T13:49:06.615000Z
997,1.13863,1.13866,1870000.0048,12100000.3815,2019-02-28T13:49:07.403000Z
998,1.1386200000000002,1.13864,6599999.9046,1000000.0,2019-02-28T13:49:07.762000Z
999,1.1386200000000002,1.13866,9409999.8474,11060000.4196,2019-02-28T13:49:07.813000Z
1000,1.13863,1.1386500000000002,1200000.0477,2250000.0,2019-02-28T13:49:07.923000Z
1001,1.1386200000000002,1.13864,9970000.267,1000000.0,2019-02-28T13:49:09.216000Z
1002,1.13863,1.1386500000000002,1100000.0238,5440000.0572,2019-02-28T13:49:09.327000Z
1003,1.1386500000000002,1.13866,1690000.0572,4500000.0,2019-02-28T13:49:09.512000Z
1004,1.13869,1.13871,1000000.0,1000000.0,2019-02-28T13:49:09.614000Z
1005,1.1387,1.1387200000000002,3240000.0095,6969999.7902,2019-02-28T13:49:09.768000Z
1006,1.13871,1.13874,10609999.6567,1500000.0,2019-02-28T13:49:09.873000Z
1007,1.1387200000000002,1.1387500000000002,3640000.1049,3000000.0,2019-02-28T13:49:09.925000Z
1008,1.13873,1.1387500000000002,1000000.0,4869999.8856,2019-02-28T13:49:10.078000Z
1009,1.1387200000000002,1.1387500000000002,3640000.1049,1870000.0048,2019-02-28T13:49:10.180000Z
1010,1.1387200000000002,1.13874,3640000.1049,1000000.0,2019-02-28T13:49:10.282000Z
1011,1.1387200000000002,1.1387500000000002,3069999.9332,1000000.0,2019-02-28T13:49:10.452000Z
1012,1.13873,1.1387500000000002,1000000.0,2250000.0,2019-02-28T13:49:10.554000Z
1013,1.1387200000000002,1.13876,3849999.9046,5739999.7711,2019-02-28T13:49:10.663000Z
1014,1.1387200000000002,1.13876,3069999.9332,3789999.9619,2019-02-28T13:49:10.964000Z
1015,1.1387200000000002,1.13876,2319999.9332,5489999.7711,2019-02-28T13:49:11.066000Z
1016,1.1387200000000002,1.13876,1759999.9905,8359999.6567,2019-02-28T13:49:11.508000Z
1017,1.1387200000000002,1.1387500000000002,3789999.9619,1000000.0,2019-02-28T13:49:11.799000Z
1018,1.1387200000000002,1.1387500000000002,1950000.0477,5289999.9619,2019-02-28T13:49:13.721000Z
1019,1.13873,1.13876,1000000.0,9189999.5804,2019-02-28T13:49:15.775000Z
1020,1.1387200000000002,1.1387500000000002,3079999.9237,1500000.0,2019-02-28T13:49:15.877000Z
1021,1.1387200000000002,1.13876,2890000.1049,8439999.5804,2019-02-28T13:49:16.023000Z
1022,1.1387200000000002,1.1387500000000002,3079999.9237,1500000.0,2019-02-28T13:49:16.176000Z
1023,1.1387200000000002,1.13876,3079999.9237,8289999.9619,2019-02-28T13:49:16.278000Z
1024,1.1387200000000002,1.1387500000000002,4769999.9809,1500000.0,2019-02-28T13:49:16.693000Z
1025,1.1387200000000002,1.13876,2140000.1049,8439999.5804,2019-02-28T13:49:17.530000Z
1026,1.1387200000000002,1.1387500000000002,2140000.1049,1000000.0,2019-02-28T13:49:17.647000Z
1027,1.13873,1.1387500000000002,1000000.0,1350000.0238,2019-02-28T13:49:17.995000Z
1028,1.13874,1.1387500000000002,2059999.9428,1000000.0,2019-02-28T13:49:18.097000Z
1029,1.1387500000000002,1.13877,1120000.0048,1000000.0,2019-02-28T13:49:18.149000Z
1030,1.1387500000000002,1.13878,3819999.9332,1460000.0381,2019-02-28T13:49:18.254000Z
1031,1.1387500000000002,1.13877,1200000.0477,1000000.0,2019-02-28T13:49:18.626000Z
1032,1.1387500000000002,1.13878,1570000.0525,2809999.9428,2019-02-28T13:49:18.728000Z
1033,1.1387500000000002,1.13877,3450000.0477,1500000.0,2019-02-28T13:49:19.111000Z
1034,1.13877,1.13878,1000000.0,2440000.0572,2019-02-28T13:49:19.214000Z
1035,1.13876,1.13878,1009999.9905,1250000.0,2019-02-28T13:49:19.316000Z
1036,1.13877,1.1388,1000000.0,5869999.8856,2019-02-28T13:49:20.171000Z
1037,1.13876,1.1388,1009999.9905,5539999.9619,2019-02-28T13:49:20.319000Z
1038,1.13876,1.13878,1409999.9666,1690000.0572,2019-02-28T13:49:20.777000Z
1039,1.13876,1.13878,1690000.0572,1690000.0572,2019-02-28T13:49:21.193000Z
1040,1.13876,1.13879,5659999.8474,1250000.0,2019-02-28T13:49:21.646000Z
1041,1.1388,1.1388200000000002,2869999.8856,2319999.9332,2019-02-28T13:49:21.799000Z
1042,1.13883,1.13884,1000000.0,2250000.0,2019-02-28T13:49:21.905000Z
1043,1.13883,1.1388500000000001,1000000.0,1000000.0,2019-02-28T13:49:22.008000Z
1044,1.1388200000000002,1.1388500000000001,4010000.2289,1000000.0,2019-02-28T13:49:22.214000Z
1045,1.1388200000000002,1.1388500000000001,3950000.0477,2440000.0572,2019-02-28T13:49:22.326000Z
1046,1.1388200000000002,1.1388500000000001,3819999.9332,1250000.0,2019-02-28T13:49:22.429000Z
1047,1.1388200000000002,1.13886,2720000.0286,5050000.1907,2019-02-28T13:49:22.532000Z
1048,1.1388200000000002,1.1388500000000001,3069999.9332,2500000.0,2019-02-28T13:49:23.052000Z
1049,1.1388200000000002,1.1388500000000001,2720000.0286,4750000.0,2019-02-28T13:49:23.154000Z
1050,1.1388200000000002,1.1388500000000001,1200000.0477,2119999.8856,2019-02-28T13:49:23.257000Z
1051,1.1388200000000002,1.13884,1570000.0525,1370000.0048,2019-02-28T13:49:23.530000Z
1052,1.1388200000000002,1.1388500000000001,2849999.9046,3619999.8856,2019-02-28T13:49:23.988000Z
1053,1.1388200000000002,1.1388500000000001,1570000.0525,3619999.8856,2019-02-28T13:49:24.130000Z
1054,1.1388200000000002,1.1388500000000001,3220000.0286,4369999.8856,2019-02-28T13:49:24.856000Z
1055,1.1388200000000002,1.13886,3039999.9619,8449999.8093,2019-02-28T13:49:25.736000Z
1056,1.1388200000000002,1.1388500000000001,3259999.9905,1000000.0,2019-02-28T13:49:25.840000Z
1057,1.13884,1.13886,4820000.1717,2250000.0,2019-02-28T13:49:25.959000Z
1058,1.1388500000000001,1.13887,10390000.3433,1000000.0,2019-02-28T13:49:26.062000Z
1059,1.13887,1.13889,1000000.0,1250000.0,2019-02-28T13:49:26.113000Z
1060,1.13887,1.1389,1570000.0525,5440000.0572,2019-02-28T13:49:26.216000Z
1061,1.13886,1.1389,4349999.9046,6619999.8856,2019-02-28T13:49:26.371000Z
1062,1.13886,1.1389,4199999.8093,7309999.9428,2019-02-28T13:49:26.473000Z
1063,1.13886,1.1389,2349999.9046,3250000.0,2019-02-28T13:49:26.626000Z
1064,1.13887,1.1389,5139999.8665,1500000.0,2019-02-28T13:49:28.204000Z
1065,1.13889,1.13891,1700000.0477,2619999.8856,2019-02-28T13:49:28.301000Z
1066,1.13891,1.1389200000000002,1200000.0477,1690000.0572,2019-02-28T13:49:28.403000Z
1067,1.1389,1.1389200000000002,1100000.0238,2250000.0,2019-02-28T13:49:28.505000Z
1068,1.13888,1.13889,2700000.0477,1000000.0,2019-02-28T13:49:28.608000Z
1069,1.13884,1.1388500000000001,3750000.0,1000000.0,2019-02-28T13:49:28.754000Z
1070,1.13883,1.13886,1200000.0477,3940000.0572,2019-02-28T13:49:28.805000Z
1071,1.13883,1.1388500000000001,1200000.0477,1000000.0,2019-02-28T13:49:28.856000Z
1072,1.1388200000000002,1.1388500000000001,2640000.1049,1000000.0,2019-02-28T13:49:28.958000Z
1073,1.13883,1.1388500000000001,1970000.0286,1000000.0,2019-02-28T13:49:29.061000Z
1074,1.1388200000000002,1.1388500000000001,3759999.9905,1500000.0,2019-02-28T13:49:29.169000Z
1075,1.1388200000000002,1.1388500000000001,3569999.9332,1750000.0,2019-02-28T13:49:29.374000Z
1076,1.1388200000000002,1.13884,3049999.9523,1750000.0,2019-02-28T13:49:29.476000Z
1077,1.13881,1.13884,1470000.0286,1250000.0,2019-02-28T13:49:29.640000Z
1078,1.13881,1.13884,2700000.0477,1250000.0,2019-02-28T13:49:30.306000Z
1079,1.13881,1.13884,2299999.9523,1690000.0572,2019-02-28T13:49:30.409000Z
1080,1.1388200000000002,1.13884,2299999.9523,1250000.0,2019-02-28T13:49:30.564000Z
1081,1.13881,1.1388500000000001,2140000.1049,6500000.0,2019-02-28T13:49:34.233000Z
1082,1.13881,1.13883,1100000.0238,1000000.0,2019-02-28T13:49:34.335000Z
1083,1.13881,1.13884,1500000.0,4309999.9428,2019-02-28T13:49:34.480000Z
1084,1.13881,1.13883,1500000.0,1000000.0,2019-02-28T13:49:34.793000Z
1085,1.13881,1.13884,1500000.0,3109999.8951,2019-02-28T13:49:34.953000Z
1086,1.13881,1.13883,2250000.0,1000000.0,2019-02-28T13:49:35.056000Z
1087,1.13881,1.13884,2250000.0,3109999.8951,2019-02-28T13:49:35.347000Z
1088,1.13881,1.13883,1500000.0,1000000.0,2019-02-28T13:49:35.820000Z
1089,1.13878,1.13881,1120000.0048,3250000.0,2019-02-28T13:49:35.930000Z
1090,1.13877,1.13879,2720000.0286,1250000.0,2019-02-28T13:49:36.033000Z
1091,1.13877,1.1388,1000000.0,4300000.1907,2019-02-28T13:49:36.187000Z
1092,1.13877,1.13879,2250000.0,1000000.0,2019-02-28T13:49:36.656000Z
1093,1.13877,1.1388,1000000.0,1690000.0572,2019-02-28T13:49:36.759000Z
1094,1.13877,1.13879,1120000.0048,1120000.0048,2019-02-28T13:49:37.154000Z
1095,1.13876,1.1388,4139999.8665,4690000.0572,2019-02-28T13:49:37.269000Z
1096,1.13877,1.13879,1870000.0048,1000000.0,2019-02-28T13:49:37.526000Z
1097,1.13877,1.1388,3759999.9905,1000000.0,2019-02-28T13:49:37.631000Z
1098,1.13878,1.13881,5570000.1717,3299999.9523,2019-02-28T13:49:37.746000Z
1099,1.13879,1.1388200000000002,1690000.0572,5699999.8093,2019-02-28T13:49:37.849000Z
1100,1.13879,1.13881,1690000.0572,1000000.0,2019-02-28T13:49:37.951000Z
1101,1.13878,1.1388200000000002,4070000.1717,3750000.0,2019-02-28T13:49:38.053000Z
1102,1.13878,1.1388200000000002,2890000.1049,6190000.0572,2019-02-28T13:49:38.156000Z
1103,1.13879,1.13881,1000000.0,1000000.0,2019-02-28T13:49:38.546000Z
1104,1.13878,1.1388200000000002,6230000.0191,3940000.0572,2019-02-28T13:49:38.649000Z
1105,1.13879,1.1388200000000002,1450000.0477,1759999.9905,2019-02-28T13:49:38.751000Z
1106,1.13881,1.13883,2319999.9332,1000000.0,2019-02-28T13:49:38.854000Z
1107,1.13881,1.1388500000000001,1570000.0525,2240000.0095,2019-02-28T13:49:38.962000Z
1108,1.13881,1.13884,3849999.9046,1120000.0048,2019-02-28T13:49:39.167000Z
1109,1.13881,1.13884,2700000.0477,1120000.0048,2019-02-28T13:49:39.271000Z
1110,1.13881,1.13883,4550000.1907,1500000.0,2019-02-28T13:49:39.808000Z
1111,1.13881,1.1388500000000001,1200000.0477,3619999.8856,2019-02-28T13:49:39.910000Z
1112,1.13881,1.1388500000000001,2849999.9046,5949999.8093,2019-02-28T13:49:40.660000Z
1113,1.13881,1.1388500000000001,3410000.0858,1759999.9905,2019-02-28T13:49:41.886000Z
1114,1.1388200000000002,1.13886,4760000.2289,3940000.0572,2019-02-28T13:49:41.989000Z
1115,1.13883,1.1388500000000001,1000000.0,1500000.0,2019-02-28T13:49:42.397000Z
1116,1.1388200000000002,1.1388500000000001,5739999.7711,1000000.0,2019-02-28T13:49:42.499000Z
1117,1.13883,1.1388500000000001,1120000.0048,1000000.0,2019-02-28T13:49:42.601000Z
1118,1.1388200000000002,1.1388500000000001,4989999.7711,1000000.0,2019-02-28T13:49:42.703000Z
1119,1.1388200000000002,1.1388500000000001,5110000.1335,1000000.0,2019-02-28T13:49:42.930000Z
1120,1.13884,1.13886,1250000.0,1049999.9523,2019-02-28T13:49:43.683000Z
1121,1.1388500000000001,1.13888,2220000.0286,2440000.0572,2019-02-28T13:49:43.785000Z
1122,1.1388500000000001,1.13887,1470000.0286,1000000.0,2019-02-28T13:49:44.133000Z
1123,1.1388500000000001,1.13888,1470000.0286,1690000.0572,2019-02-28T13:49:44.236000Z
1124,1.13884,1.13888,5260000.2289,5570000.1717,2019-02-28T13:49:45.411000Z
1125,1.13883,1.13886,1100000.0238,6940000.0572,2019-02-28T13:49:45.537000Z
1126,1.13886,1.13888,1000000.0,6639999.8665,2019-02-28T13:49:45.641000Z
1127,1.13887,1.13889,1750000.0,1870000.0048,2019-02-28T13:49:45.744000Z
1128,1.13887,1.13889,1200000.0477,1200000.0477,2019-02-28T13:49:45.897000Z
1129,1.13887,1.1389,1000000.0,2509999.9905,2019-02-28T13:49:46.014000Z
1130,1.13886,1.13889,1120000.0048,5199999.8093,2019-02-28T13:49:46.182000Z
1131,1.13884,1.13886,2640000.1049,1000000.0,2019-02-28T13:49:46.285000Z
1132,1.13884,1.13888,1759999.9905,8560000.4196,2019-02-28T13:49:46.387000Z
1133,1.13884,1.13888,1389999.9857,10210000.0381,2019-02-28T13:49:46.497000Z
1134,1.13884,1.13887,1000000.0,1389999.9857,2019-02-28T13:49:46.700000Z
1135,1.1388500000000001,1.13887,1000000.0,2809999.9428,2019-02-28T13:49:47.530000Z
1136,1.13883,1.13888,5320000.1717,13449999.8093,2019-02-28T13:49:47.581000Z
1137,1.13884,1.13887,1200000.0477,4000000.0,2019-02-28T13:49:47.729000Z
1138,1.13884,1.13887,1200000.0477,1250000.0,2019-02-28T13:49:47.831000Z
1139,1.13884,1.13888,1759999.9905,8810000.4196,2019-02-28T13:49:47.882000Z
1140,1.13886,1.13888,1500000.0,1500000.0,2019-02-28T13:49:47.985000Z
1141,1.13886,1.13889,1000000.0,2809999.9428,2019-02-28T13:49:48.087000Z
1142,1.1388500000000001,1.13888,3450000.0477,3190000.0572,2019-02-28T13:49:48.190000Z
1143,1.13886,1.13889,1100000.0238,3190000.0572,2019-02-28T13:49:48.319000Z
1144,1.13886,1.13889,1220000.0286,1250000.0,2019-02-28T13:49:48.676000Z
1145,1.13886,1.13889,3750000.0,2809999.9428,2019-02-28T13:49:48.778000Z
1146,1.13886,1.13889,1120000.0048,2200000.0477,2019-02-28T13:49:50.041000Z
1147,1.1388500000000001,1.13888,1100000.0238,2200000.0477,2019-02-28T13:49:50.144000Z
1148,1.13884,1.13887,1120000.0048,2890000.1049,2019-02-28T13:49:50.247000Z
1149,1.13884,1.13886,1870000.0048,1500000.0,2019-02-28T13:49:50.359000Z
1150,1.1388200000000002,1.1388500000000001,4570000.1717,2440000.0572,2019-02-28T13:49:50.512000Z
1151,1.13881,1.1388500000000001,4699999.8093,3319999.9332,2019-02-28T13:49:50.614000Z
1152,1.13881,1.1388500000000001,1950000.0477,1450000.0477,2019-02-28T13:49:50.716000Z
1153,1.13881,1.1388500000000001,2319999.9332,2349999.9046,2019-02-28T13:49:50.826000Z
1154,1.1388,1.13884,5639999.8665,1759999.9905,2019-02-28T13:49:50.928000Z
1155,1.13881,1.13884,5570000.1717,2250000.0,2019-02-28T13:49:51.815000Z
1156,1.13881,1.13884,3450000.0477,2910000.0858,2019-02-28T13:49:51.959000Z
1157,1.1388200000000002,1.13884,1000000.0,1009999.9905,2019-02-28T13:49:52.112000Z
1158,1.1388200000000002,1.1388500000000001,1750000.0,1100000.0238,2019-02-28T13:49:53.714000Z
1159,1.1388200000000002,1.1388500000000001,1690000.0572,1970000.0286,2019-02-28T13:49:53.816000Z
1160,1.13883,1.13886,1500000.0,10909999.8474,2019-02-28T13:49:53.970000Z
1161,1.1388200000000002,1.1388500000000001,1389999.9857,2099999.9046,2019-02-28T13:49:54.072000Z
1162,1.13884,1.13886,3809999.9428,2700000.0477,2019-02-28T13:49:54.327000Z
1163,1.1388500000000001,1.13887,1250000.0,2349999.9046,2019-02-28T13:49:54.429000Z
1164,1.1388500000000001,1.13888,2319999.9332,1850000.0238,2019-02-28T13:49:54.539000Z
1165,1.13886,1.13889,1000000.0,10159999.8474,2019-02-28T13:49:54.641000Z
1166,1.13887,1.13889,1000000.0,2470000.0286,2019-02-28T13:49:55.449000Z
1167,1.13886,1.13889,3259999.9905,2000000.0,2019-02-28T13:49:55.610000Z
1168,1.1388500000000001,1.13889,5320000.1717,1950000.0477,2019-02-28T13:49:55.712000Z
1169,1.13886,1.13889,1759999.9905,6469999.7902,2019-02-28T13:49:56.212000Z
1170,1.1388500000000001,1.13889,1759999.9905,4389999.8665,2019-02-28T13:49:56.758000Z
1171,1.1388500000000001,1.13888,3190000.0572,1100000.0238,2019-02-28T13:49:56.862000Z
1172,1.1388500000000001,1.13888,1690000.0572,2569999.9332,2019-02-28T13:49:56.990000Z
1173,1.13884,1.13887,2319999.9332,4750000.0,2019-02-28T13:49:57.144000Z
1174,1.1388200000000002,1.13886,6110000.1335,1759999.9905,2019-02-28T13:49:57.246000Z
1175,1.1388200000000002,1.13884,2440000.0572,1000000.0,2019-02-28T13:49:57.348000Z
1176,1.1388200000000002,1.1388500000000001,1309999.9428,1570000.0525,2019-02-28T13:49:57.450000Z
1177,1.1388200000000002,1.13884,2059999.9428,1000000.0,2019-02-28T13:49:58.280000Z
1178,1.1388200000000002,1.1388500000000001,1309999.9428,2700000.0477,2019-02-28T13:49:58.382000Z
1179,1.1388200000000002,1.13884,1309999.9428,1000000.0,2019-02-28T13:49:58.484000Z
1180,1.13881,1.13883,1500000.0,1000000.0,2019-02-28T13:49:59.285000Z
1181,1.13879,1.1388,1500000.0,1500000.0,2019-02-28T13:49:59.393000Z
1182,1.13877,1.13878,1000000.0,1000000.0,2019-02-28T13:49:59.496000Z
1183,1.1387500000000002,1.13879,4750000.0,7570000.1717,2019-02-28T13:49:59.547000Z
1184,1.1387500000000002,1.13879,5719999.7902,4599999.9046,2019-02-28T13:49:59.650000Z
1185,1.1387500000000002,1.13879,8119999.8856,7199999.8093,2019-02-28T13:50:00.021000Z
1186,1.1387500000000002,1.13879,6250000.0,6599999.9046,2019-02-28T13:50:00.123000Z
1187,1.13877,1.13879,1000000.0,1950000.0477,2019-02-28T13:50:00.488000Z
1188,1.13876,1.13879,1000000.0,1759999.9905,2019-02-28T13:50:00.590000Z
1189,1.13876,1.13879,2059999.9428,3200000.0477,2019-02-28T13:50:00.712000Z
1190,1.13876,1.13879,2250000.0,7820000.1717,2019-02-28T13:50:00.815000Z
1191,1.1387500000000002,1.13878,3869999.8856,2099999.9046,2019-02-28T13:50:00.917000Z
1192,1.1387500000000002,1.13878,2250000.0,24639999.3896,2019-02-28T13:50:01.078000Z
1193,1.13873,1.13877,1250000.0,9939999.5804,2019-02-28T13:50:01.129000Z
1194,1.13874,1.13877,1250000.0,6000000.0,2019-02-28T13:50:01.692000Z
1195,1.13874,1.13878,4309999.9428,4690000.0572,2019-02-28T13:50:01.795000Z
1196,1.13873,1.13878,2940000.0572,14659999.8474,2019-02-28T13:50:01.967000Z
1197,1.13873,1.13877,4500000.0,5250000.0,2019-02-28T13:50:02.120000Z
1198,1.13873,1.13877,1120000.0048,5469999.7902,2019-02-28T13:50:02.222000Z
1199,1.1387200000000002,1.1387500000000002,4309999.9428,1570000.0525,2019-02-28T13:50:02.519000Z
1200,1.13871,1.1387500000000002,1500000.0,13760000.2289,2019-02-28T13:50:02.623000Z
1201,1.1387,1.13873,1870000.0048,4389999.8665,2019-02-28T13:50:02.725000Z
1202,1.13869,1.13871,1500000.0,1950000.0477,2019-02-28T13:50:02.847000Z
1203,1.1387,1.13871,1250000.0,1100000.0238,2019-02-28T13:50:02.951000Z
1204,1.1387,1.1387200000000002,1690000.0572,1100000.0238,2019-02-28T13:50:03.107000Z
1205,1.1387,1.13874,4000000.0,1720000.0286,2019-02-28T13:50:03.221000Z
1206,1.13871,1.1387500000000002,1500000.0,6099999.9046,2019-02-28T13:50:03.324000Z
1207,1.1387200000000002,1.1387500000000002,1250000.0,4219999.7902,2019-02-28T13:50:03.426000Z
1208,1.13873,1.1387500000000002,1500000.0,5969999.7902,2019-02-28T13:50:03.684000Z
1209,1.1387200000000002,1.1387500000000002,3190000.0572,1600000.0238,2019-02-28T13:50:03.786000Z
1210,1.13874,1.1387500000000002,1250000.0,2319999.9332,2019-02-28T13:50:05.614000Z
1211,1.13876,1.13877,1250000.0,5250000.0,2019-02-28T13:50:05.768000Z
1212,1.1387500000000002,1.13878,2500000.0,1100000.0238,2019-02-28T13:50:05.976000Z
1213,1.1387500000000002,1.13878,1250000.0,1200000.0477,2019-02-28T13:50:06.079000Z
1214,1.13874,1.13878,6619999.8856,2349999.9046,2019-02-28T13:50:06.232000Z
1215,1.13874,1.13878,7369999.8856,2319999.9332,2019-02-28T13:50:06.334000Z
1216,1.13876,1.13877,1250000.0,1500000.0,2019-02-28T13:50:06.449000Z
1217,1.13876,1.13879,2890000.1049,2099999.9046,2019-02-28T13:50:06.553000Z
1218,1.13877,1.13879,1000000.0,2369999.8856,2019-02-28T13:50:06.656000Z
1219,1.13876,1.13879,1009999.9905,2099999.9046,2019-02-28T13:50:06.759000Z
1220,1.13877,1.13878,1000000.0,1200000.0477,2019-02-28T13:50:06.862000Z
1221,1.1387500000000002,1.13878,6820000.1717,2619999.8856,2019-02-28T13:50:06.970000Z
1222,1.1387500000000002,1.13878,3190000.0572,3069999.9332,2019-02-28T13:50:07.227000Z
1223,1.1387500000000002,1.13878,4059999.9428,1100000.0238,2019-02-28T13:50:07.381000Z
1224,1.1387500000000002,1.13878,1759999.9905,1000000.0,2019-02-28T13:50:07.483000Z
1225,1.1387500000000002,1.13877,1250000.0,1000000.0,2019-02-28T13:50:07.663000Z
1226,1.1387500000000002,1.13877,1370000.0048,1570000.0525,2019-02-28T13:50:07.765000Z
1227,1.13874,1.13877,1250000.0,1200000.0477,2019-02-28T13:50:07.867000Z
1228,1.1387500000000002,1.13879,1009999.9905,3259999.9905,2019-02-28T13:50:08.182000Z
1229,1.1387500000000002,1.13879,1389999.9857,4159999.8474,2019-02-28T13:50:08.233000Z
1230,1.13874,1.13878,11539999.9619,2059999.9428,2019-02-28T13:50:08.437000Z
1231,1.13874,1.13878,5139999.8665,4010000.2289,2019-02-28T13:50:08.539000Z
1232,1.13874,1.13878,6190000.0572,4789999.9619,2019-02-28T13:50:08.646000Z
1233,1.13876,1.13879,1250000.0,1909999.9666,2019-02-28T13:50:08.750000Z
1234,1.13876,1.13879,1350000.0238,1309999.9428,2019-02-28T13:50:08.905000Z
1235,1.13879,1.1388,2059999.9428,9600000.3815,2019-02-28T13:50:10.055000Z
1236,1.1388,1.1388200000000002,1500000.0,3220000.0286,2019-02-28T13:50:10.172000Z
1237,1.1388,1.1388200000000002,2440000.0572,1500000.0,2019-02-28T13:50:10.274000Z
1238,1.1388,1.13883,1740000.0095,5599999.9046,2019-02-28T13:50:10.377000Z
1239,1.13879,1.13883,3720000.0286,4599999.9046,2019-02-28T13:50:10.479000Z
1240,1.1388,1.13883,1350000.0238,6849999.9046,2019-02-28T13:50:10.640000Z
1241,1.1388,1.13883,1690000.0572,3819999.9332,2019-02-28T13:50:10.844000Z
1242,1.13881,1.13883,1000000.0,1870000.0048,2019-02-28T13:50:10.947000Z
1243,1.1388,1.13883,2509999.9905,1000000.0,2019-02-28T13:50:11.049000Z
1244,1.1388,1.13884,3640000.1049,7010000.2289,2019-02-28T13:50:11.176000Z
1245,1.13881,1.13883,1370000.0048,1000000.0,2019-02-28T13:50:11.658000Z
1246,1.13881,1.1388500000000001,1950000.0477,6449999.8093,2019-02-28T13:50:11.761000Z
1247,1.1388200000000002,1.1388500000000001,1500000.0,5699999.8093,2019-02-28T13:50:11.918000Z
1248,1.13881,1.1388500000000001,3819999.9332,4949999.8093,2019-02-28T13:50:12.071000Z
1249,1.1388200000000002,1.13884,1309999.9428,1120000.0048,2019-02-28T13:50:12.223000Z
1250,1.13883,1.1388500000000001,1870000.0048,4949999.8093,2019-02-28T13:50:12.326000Z
1251,1.1388500000000001,1.13886,1200000.0477,1000000.0,2019-02-28T13:50:12.481000Z
1252,1.1388500000000001,1.13888,4349999.9046,3450000.0477,2019-02-28T13:50:12.584000Z
1253,1.13887,1.13888,1000000.0,1870000.0048,2019-02-28T13:50:12.686000Z
1254,1.13886,1.13889,1250000.0,2319999.9332,2019-02-28T13:50:12.788000Z
1255,1.13886,1.13887,1000000.0,1000000.0,2019-02-28T13:50:13Z
1256,1.13884,1.13888,3849999.9046,1600000.0238,2019-02-28T13:50:13.102000Z
1257,1.13884,1.13886,4539999.9619,1000000.0,2019-02-28T13:50:13.207000Z
1258,1.13884,1.13886,1000000.0,2059999.9428,2019-02-28T13:50:13.358000Z
1259,1.1388200000000002,1.1388500000000001,1500000.0,1450000.0477,2019-02-28T13:50:13.461000Z
1260,1.13881,1.1388500000000001,4800000.1907,2200000.0477,2019-02-28T13:50:13.614000Z
1261,1.1388200000000002,1.13884,1500000.0,1250000.0,2019-02-28T13:50:13.716000Z
1262,1.13881,1.1388500000000001,5920000.0763,2200000.0477,2019-02-28T13:50:13.883000Z
1263,1.1388200000000002,1.1388500000000001,1500000.0,2950000.0477,2019-02-28T13:50:13.985000Z
1264,1.13881,1.13886,7239999.7711,7969999.7902,2019-02-28T13:50:14.087000Z
1265,1.1388200000000002,1.1388500000000001,2250000.0,1759999.9905,2019-02-28T13:50:14.189000Z
1266,1.13881,1.13886,6489999.7711,7219999.7902,2019-02-28T13:50:14.291000Z
1267,1.13883,1.1388500000000001,1000000.0,3259999.9905,2019-02-28T13:50:15.204000Z
1268,1.1388200000000002,1.1388500000000001,1000000.0,1009999.9905,2019-02-28T13:50:15.307000Z
1269,1.1388200000000002,1.1388500000000001,1620000.0048,1389999.9857,2019-02-28T13:50:15.409000Z
1270,1.1388200000000002,1.1388500000000001,1000000.0,4070000.1717,2019-02-28T13:50:15.616000Z
1271,1.13881,1.13884,2140000.1049,4000000.0,2019-02-28T13:50:15.668000Z
1272,1.1388,1.13884,4199999.8093,1200000.0477,2019-02-28T13:50:15.875000Z
1273,1.13881,1.1388500000000001,1009999.9905,5139999.8665,2019-02-28T13:50:15.977000Z
1274,1.13881,1.1388500000000001,1250000.0,6659999.8474,2019-02-28T13:50:16.323000Z
1275,1.13881,1.1388500000000001,2710000.0381,5510000.2289,2019-02-28T13:50:16.476000Z
