,bid,ask,bid_vol,ask_vol,time
0,1.16391,1.16393,1000000.0,2250000.0,2018-08-31T12:45:00.174000Z
1,1.16389,1.16393,1950000.0477,2509999.9905,2018-08-31T12:45:00.437000Z
2,1.16389,1.16392,3450000.0477,2059999.9428,2018-08-31T12:45:00.968000Z
3,1.1639000000000002,1.16393,1000000.0,2440000.0572,2018-08-31T12:45:02.249000Z
4,1.1639000000000002,1.16393,1000000.0,3940000.0572,2018-08-31T12:45:03.431000Z
5,1.1639000000000002,1.16393,1200000.0477,3940000.0572,2018-08-31T12:45:04.472000Z
6,1.16392,1.16394,1500000.0,1000000.0,2018-08-31T12:45:04.680000Z
7,1.16392,1.16396,1000000.0,8359999.6567,2018-08-31T12:45:04.837000Z
8,1.16392,1.16395,1000000.0,1190000.0572,2018-08-31T12:45:04.991000Z
9,1.16391,1.16395,1000000.0,13310000.4196,2018-08-31T12:45:05.313000Z
10,1.16391,1.16395,1000000.0,8060000.4196,2018-08-31T12:45:05.830000Z
11,1.16391,1.16395,1500000.0,9939999.5804,2018-08-31T12:45:06.360000Z
12,1.16391,1.16394,1000000.0,1309999.9428,2018-08-31T12:45:06.861000Z
13,1.16391,1.16394,1000000.0,2059999.9428,2018-08-31T12:45:07.694000Z
14,1.16393,1.16395,1000000.0,1120000.0048,2018-08-31T12:45:08.186000Z
15,1.16395,1.16398,1250000.0,3750000.0,2018-08-31T12:45:08.240000Z
16,1.16398,1.16401,1000000.0,13010000.2289,2018-08-31T12:45:08.768000Z
17,1.16399,1.16402,1000000.0,4650000.0954,2018-08-31T12:45:08.821000Z
18,1.16399,1.16401,1000000.0,1690000.0572,2018-08-31T12:45:08.932000Z
19,1.16399,1.16401,1000000.0,2440000.0572,2018-08-31T12:45:09.451000Z
20,1.16399,1.16402,4389999.8665,3000000.0,2018-08-31T12:45:10.398000Z
21,1.16399,1.16403,3819999.9332,2890000.1049,2018-08-31T12:45:10.899000Z
22,1.16401,1.16405,1120000.0048,4949999.8093,2018-08-31T12:45:11.209000Z
23,1.16401,1.16405,1759999.9905,7010000.2289,2018-08-31T12:45:11.870000Z
24,1.16402,1.16404,1000000.0,1690000.0572,2018-08-31T12:45:12.407000Z
25,1.1640000000000001,1.16403,1250000.0,1250000.0,2018-08-31T12:45:12.461000Z
26,1.1640000000000001,1.16403,1000000.0,3599999.9046,2018-08-31T12:45:12.619000Z
27,1.1639700000000002,1.16399,5139999.8665,1500000.0,2018-08-31T12:45:15.229000Z
28,1.16394,1.1639700000000002,4309999.9428,4869999.8856,2018-08-31T12:45:15.333000Z
29,1.16393,1.16395,2700000.0477,1870000.0048,2018-08-31T12:45:15.390000Z
30,1.1638700000000002,1.1639000000000002,1570000.0525,1870000.0048,2018-08-31T12:45:15.727000Z
31,1.16388,1.16391,1000000.0,2250000.0,2018-08-31T12:45:16.312000Z
32,1.16389,1.16393,2059999.9428,6449999.8093,2018-08-31T12:45:16.627000Z
33,1.16388,1.16391,2700000.0477,1000000.0,2018-08-31T12:45:16.731000Z
34,1.16388,1.16391,1250000.0,2509999.9905,2018-08-31T12:45:17.282000Z
35,1.16388,1.16391,1870000.0048,1289999.9619,2018-08-31T12:45:17.808000Z
36,1.16388,1.16392,2059999.9428,3190000.0572,2018-08-31T12:45:18.177000Z
37,1.16388,1.1639000000000002,1309999.9428,1000000.0,2018-08-31T12:45:18.283000Z
38,1.1638700000000002,1.16391,3190000.0572,5469999.7902,2018-08-31T12:45:18.788000Z
39,1.1639000000000002,1.16393,2250000.0,2740000.0095,2018-08-31T12:45:19.117000Z
40,1.16392,1.16394,1500000.0,1000000.0,2018-08-31T12:45:19.427000Z
41,1.16392,1.16396,1250000.0,3369999.8856,2018-08-31T12:45:19.582000Z
42,1.16395,1.1639700000000002,1000000.0,3259999.9905,2018-08-31T12:45:19.760000Z
43,1.16394,1.16396,1000000.0,2250000.0,2018-08-31T12:45:20.271000Z
44,1.16395,1.1639700000000002,1000000.0,3559999.9428,2018-08-31T12:45:20.830000Z
45,1.16395,1.1639700000000002,1000000.0,3190000.0572,2018-08-31T12:45:21.358000Z
46,1.16395,1.16399,1870000.0048,4570000.1717,2018-08-31T12:45:21.670000Z
47,1.16394,1.16398,1870000.0048,3940000.0572,2018-08-31T12:45:22.268000Z
48,1.16395,1.16399,4690000.0572,2809999.9428,2018-08-31T12:45:23.696000Z
49,1.1639700000000002,1.16399,1000000.0,1250000.0,2018-08-31T12:45:23.750000Z
50,1.16389,1.16391,1690000.0572,1000000.0,2018-08-31T12:45:24.070000Z
51,1.16385,1.1638600000000001,1000000.0,1000000.0,2018-08-31T12:45:24.372000Z
52,1.16384,1.1638700000000002,1000000.0,4869999.8856,2018-08-31T12:45:24.477000Z
53,1.16385,1.1638700000000002,1000000.0,2619999.8856,2018-08-31T12:45:24.530000Z
54,1.1638700000000002,1.16388,1000000.0,1000000.0,2018-08-31T12:45:24.688000Z
55,1.1638600000000001,1.16388,1000000.0,1000000.0,2018-08-31T12:45:25.349000Z
56,1.16383,1.1638700000000002,3369999.8856,6070000.1717,2018-08-31T12:45:25.676000Z
57,1.16383,1.1638700000000002,1690000.0572,3069999.9332,2018-08-31T12:45:25.730000Z
58,1.16383,1.16385,2890000.1049,1250000.0,2018-08-31T12:45:25.781000Z
59,1.16381,1.16384,1250000.0,1309999.9428,2018-08-31T12:45:25.990000Z
60,1.16383,1.1638600000000001,1690000.0572,3000000.0,2018-08-31T12:45:26.118000Z
61,1.16383,1.1638700000000002,3640000.1049,2700000.0477,2018-08-31T12:45:26.170000Z
62,1.16385,1.1638700000000002,1000000.0,2700000.0477,2018-08-31T12:45:26.223000Z
63,1.16383,1.1638600000000001,1500000.0,1190000.0572,2018-08-31T12:45:26.771000Z
64,1.16383,1.1638700000000002,2700000.0477,4570000.1717,2018-08-31T12:45:27.517000Z
65,1.16381,1.16383,2700000.0477,1000000.0,2018-08-31T12:45:27.620000Z
66,1.16379,1.16382,1000000.0,6000000.0,2018-08-31T12:45:27.722000Z
67,1.16378,1.16382,2319999.9332,4389999.8665,2018-08-31T12:45:28.251000Z
68,1.16378,1.16381,2319999.9332,2250000.0,2018-08-31T12:45:29.005000Z
69,1.16378,1.16379,1250000.0,1000000.0,2018-08-31T12:45:29.897000Z
70,1.1637700000000002,1.16381,1500000.0,5320000.1717,2018-08-31T12:45:30.324000Z
71,1.1637700000000002,1.16379,1250000.0,2250000.0,2018-08-31T12:45:30.375000Z
72,1.1637700000000002,1.16381,4010000.2289,1570000.0525,2018-08-31T12:45:30.506000Z
73,1.1637600000000001,1.16378,2250000.0,1500000.0,2018-08-31T12:45:31.016000Z
74,1.1637600000000001,1.16379,6190000.0572,1100000.0238,2018-08-31T12:45:31.589000Z
75,1.16375,1.1637700000000002,1000000.0,1120000.0048,2018-08-31T12:45:31.950000Z
76,1.16375,1.1637700000000002,1250000.0,1570000.0525,2018-08-31T12:45:32.460000Z
77,1.16375,1.1637700000000002,1000000.0,1570000.0525,2018-08-31T12:45:33.004000Z
78,1.16375,1.1637600000000001,1000000.0,1000000.0,2018-08-31T12:45:34.503000Z
79,1.16375,1.1637700000000002,1000000.0,5699999.8093,2018-08-31T12:45:35.042000Z
80,1.16375,1.1637600000000001,1000000.0,2250000.0,2018-08-31T12:45:35.743000Z
81,1.16375,1.1637700000000002,1000000.0,6449999.8093,2018-08-31T12:45:37.273000Z
82,1.16375,1.1637600000000001,1000000.0,1500000.0,2018-08-31T12:45:37.788000Z
83,1.16373,1.1637600000000001,1000000.0,2059999.9428,2018-08-31T12:45:38.016000Z
84,1.16373,1.16375,1000000.0,1000000.0,2018-08-31T12:45:38.592000Z
85,1.16373,1.1637600000000001,1000000.0,3190000.0572,2018-08-31T12:45:39.139000Z
86,1.16373,1.16375,1000000.0,1500000.0,2018-08-31T12:45:40.418000Z
87,1.16373,1.1637600000000001,1000000.0,2809999.9428,2018-08-31T12:45:41.050000Z
88,1.16372,1.16374,2250000.0,1000000.0,2018-08-31T12:45:41.203000Z
89,1.1636900000000001,1.16372,1200000.0477,5849999.9046,2018-08-31T12:45:41.307000Z
90,1.1636700000000002,1.16368,1120000.0048,2250000.0,2018-08-31T12:45:41.378000Z
91,1.16363,1.1636700000000002,1250000.0,2099999.9046,2018-08-31T12:45:41.481000Z
92,1.16365,1.1636600000000001,1000000.0,1000000.0,2018-08-31T12:45:41.723000Z
93,1.16365,1.1636700000000002,1000000.0,2619999.8856,2018-08-31T12:45:42.252000Z
94,1.16365,1.1636700000000002,1000000.0,4159999.8474,2018-08-31T12:45:42.765000Z
95,1.16365,1.1636700000000002,1000000.0,4309999.9428,2018-08-31T12:45:43.305000Z
96,1.16364,1.1636600000000001,1250000.0,1000000.0,2018-08-31T12:45:43.840000Z
97,1.1636700000000002,1.1637,1000000.0,1000000.0,2018-08-31T12:45:43.943000Z
98,1.1636600000000001,1.1637,5059999.9428,1000000.0,2018-08-31T12:45:44.487000Z
99,1.1636600000000001,1.1637,1690000.0572,2619999.8856,2018-08-31T12:45:44.991000Z
100,1.16368,1.1637,2140000.1049,1000000.0,2018-08-31T12:45:46.503000Z
101,1.1637,1.16373,3940000.0572,3000000.0,2018-08-31T12:45:46.666000Z
102,1.16371,1.16375,4690000.0572,1120000.0048,2018-08-31T12:45:46.720000Z
103,1.16373,1.16375,1000000.0,1000000.0,2018-08-31T12:45:47.298000Z
104,1.16373,1.16374,1000000.0,1000000.0,2018-08-31T12:45:48.066000Z
105,1.1637,1.16374,4949999.8093,1870000.0048,2018-08-31T12:45:48.118000Z
106,1.1637,1.16372,4199999.8093,1500000.0,2018-08-31T12:45:48.218000Z
107,1.16368,1.16371,1250000.0,1500000.0,2018-08-31T12:45:48.271000Z
108,1.1637,1.16372,1190000.0572,8319999.6948,2018-08-31T12:45:50.994000Z
109,1.16373,1.16375,1120000.0048,1000000.0,2018-08-31T12:45:51.097000Z
110,1.16373,1.1637600000000001,1100000.0238,1000000.0,2018-08-31T12:45:51.641000Z
111,1.16375,1.1637700000000002,2059999.9428,1000000.0,2018-08-31T12:45:51.948000Z
112,1.16374,1.16378,2059999.9428,6750000.0,2018-08-31T12:45:52.154000Z
113,1.16374,1.1637700000000002,1000000.0,1200000.0477,2018-08-31T12:45:52.683000Z
114,1.16374,1.1637700000000002,1190000.0572,1500000.0,2018-08-31T12:45:53.228000Z
115,1.1637600000000001,1.1638,7119999.8856,1000000.0,2018-08-31T12:45:53.776000Z
116,1.1637600000000001,1.1638,3940000.0572,4500000.0,2018-08-31T12:45:54.319000Z
117,1.16379,1.1638,1000000.0,3069999.9332,2018-08-31T12:45:54.563000Z
118,1.1638,1.16384,1500000.0,15069999.6948,2018-08-31T12:45:54.670000Z
119,1.16383,1.16384,1250000.0,6070000.1717,2018-08-31T12:45:54.724000Z
120,1.16383,1.16385,4500000.0,1000000.0,2018-08-31T12:45:55.230000Z
121,1.16381,1.16385,2509999.9905,1000000.0,2018-08-31T12:45:55.592000Z
122,1.16383,1.16385,1250000.0,1000000.0,2018-08-31T12:45:55.812000Z
123,1.16383,1.16384,1000000.0,1500000.0,2018-08-31T12:45:56.345000Z
124,1.1638,1.16382,1690000.0572,1000000.0,2018-08-31T12:45:56.471000Z
125,1.16382,1.16384,1190000.0572,4500000.0,2018-08-31T12:45:56.935000Z
126,1.16381,1.16384,1759999.9905,1500000.0,2018-08-31T12:45:57.225000Z
127,1.16383,1.16384,1000000.0,1000000.0,2018-08-31T12:45:57.329000Z
128,1.16383,1.16385,1250000.0,1000000.0,2018-08-31T12:45:57.860000Z
129,1.16384,1.16385,1250000.0,1000000.0,2018-08-31T12:45:58.536000Z
130,1.1638600000000001,1.16388,2440000.0572,2700000.0477,2018-08-31T12:45:58.880000Z
131,1.1638700000000002,1.16389,1000000.0,1950000.0477,2018-08-31T12:45:59.039000Z
132,1.16385,1.16388,3190000.0572,1000000.0,2018-08-31T12:45:59.204000Z
133,1.1638600000000001,1.16389,1690000.0572,1389999.9857,2018-08-31T12:45:59.317000Z
134,1.1638600000000001,1.16388,1190000.0572,1000000.0,2018-08-31T12:45:59.994000Z
135,1.16385,1.16388,2250000.0,1000000.0,2018-08-31T12:46:00.809000Z
136,1.1638700000000002,1.16388,1250000.0,1000000.0,2018-08-31T12:46:01.024000Z
137,1.1638600000000001,1.16389,1690000.0572,2250000.0,2018-08-31T12:46:01.542000Z
138,1.1639000000000002,1.16391,1250000.0,1500000.0,2018-08-31T12:46:01.932000Z
139,1.16392,1.16394,1000000.0,1950000.0477,2018-08-31T12:46:02.086000Z
140,1.16389,1.16392,2440000.0572,4949999.8093,2018-08-31T12:46:02.375000Z
141,1.1639000000000002,1.16392,1000000.0,1000000.0,2018-08-31T12:46:04.312000Z
142,1.16392,1.16394,1690000.0572,1000000.0,2018-08-31T12:46:04.420000Z
143,1.16394,1.16396,4309999.9428,4119999.8856,2018-08-31T12:46:04.492000Z
144,1.16396,1.16398,1000000.0,2549999.9523,2018-08-31T12:46:04.547000Z
145,1.16394,1.16398,1000000.0,8890000.3433,2018-08-31T12:46:05.101000Z
146,1.16396,1.16398,1000000.0,3369999.8856,2018-08-31T12:46:05.403000Z
147,1.16395,1.16399,2890000.1049,3819999.9332,2018-08-31T12:46:05.456000Z
148,1.16394,1.16398,1309999.9428,4389999.8665,2018-08-31T12:46:05.666000Z
149,1.16394,1.1639700000000002,1250000.0,1759999.9905,2018-08-31T12:46:06.669000Z
150,1.16394,1.1639700000000002,1250000.0,2509999.9905,2018-08-31T12:46:07.231000Z
151,1.16392,1.16394,1690000.0572,1500000.0,2018-08-31T12:46:08.035000Z
152,1.16393,1.16395,1690000.0572,1200000.0477,2018-08-31T12:46:08.573000Z
153,1.16395,1.16399,1250000.0,12449999.8093,2018-08-31T12:46:08.834000Z
154,1.16395,1.1639700000000002,1690000.0572,1000000.0,2018-08-31T12:46:09.100000Z
155,1.16395,1.1639700000000002,1000000.0,3190000.0572,2018-08-31T12:46:10.010000Z
156,1.16396,1.16398,1690000.0572,1950000.0477,2018-08-31T12:46:10.442000Z
157,1.16395,1.16398,1309999.9428,2700000.0477,2018-08-31T12:46:10.954000Z
158,1.16395,1.16398,1000000.0,6260000.2289,2018-08-31T12:46:12.980000Z
159,1.16393,1.16396,1250000.0,4309999.9428,2018-08-31T12:46:13.237000Z
160,1.16395,1.16396,1000000.0,1500000.0,2018-08-31T12:46:13.744000Z
161,1.16395,1.1639700000000002,1000000.0,2890000.1049,2018-08-31T12:46:14.301000Z
162,1.16395,1.16396,1000000.0,1690000.0572,2018-08-31T12:46:15.151000Z
163,1.16395,1.1639700000000002,1250000.0,1500000.0,2018-08-31T12:46:15.856000Z
164,1.16395,1.1639700000000002,1000000.0,3190000.0572,2018-08-31T12:46:16.376000Z
165,1.16395,1.1639700000000002,1000000.0,1690000.0572,2018-08-31T12:46:16.908000Z
166,1.16395,1.1639700000000002,1000000.0,3940000.0572,2018-08-31T12:46:20.285000Z
167,1.16395,1.1639700000000002,1000000.0,4690000.0572,2018-08-31T12:46:20.848000Z
168,1.16396,1.1639700000000002,1690000.0572,2250000.0,2018-08-31T12:46:23.703000Z
169,1.16399,1.16401,6190000.0572,1000000.0,2018-08-31T12:46:23.901000Z
170,1.16402,1.16403,1000000.0,1000000.0,2018-08-31T12:46:23.955000Z
171,1.16402,1.16405,1000000.0,3819999.9332,2018-08-31T12:46:24.008000Z
172,1.16402,1.16403,1000000.0,1000000.0,2018-08-31T12:46:24.112000Z
173,1.1640000000000001,1.16402,1250000.0,2250000.0,2018-08-31T12:46:24.610000Z
174,1.16399,1.16402,4539999.9619,1000000.0,2018-08-31T12:46:25.492000Z
175,1.1640000000000001,1.16402,1250000.0,2250000.0,2018-08-31T12:46:26.305000Z
176,1.1640000000000001,1.16403,2440000.0572,3450000.0477,2018-08-31T12:46:26.823000Z
177,1.16401,1.16404,1250000.0,1500000.0,2018-08-31T12:46:27.480000Z
178,1.16402,1.16405,1190000.0572,1200000.0477,2018-08-31T12:46:27.764000Z
179,1.16402,1.16403,1000000.0,1000000.0,2018-08-31T12:46:32.082000Z
180,1.1640000000000001,1.16404,2440000.0572,11319999.6948,2018-08-31T12:46:32.186000Z
181,1.16401,1.16405,1000000.0,5699999.8093,2018-08-31T12:46:32.290000Z
182,1.1640000000000001,1.16404,2809999.9428,2319999.9332,2018-08-31T12:46:32.824000Z
183,1.1640000000000001,1.16402,1000000.0,1000000.0,2018-08-31T12:46:33.352000Z
184,1.1640000000000001,1.16404,1690000.0572,2809999.9428,2018-08-31T12:46:33.900000Z
185,1.16402,1.16405,1000000.0,1870000.0048,2018-08-31T12:46:34.118000Z
186,1.16402,1.16406,3190000.0572,3670000.0763,2018-08-31T12:46:34.659000Z
187,1.16402,1.16405,5440000.0572,1000000.0,2018-08-31T12:46:35.249000Z
188,1.16402,1.16406,3190000.0572,2619999.8856,2018-08-31T12:46:35.856000Z
189,1.16402,1.16405,6559999.9428,1000000.0,2018-08-31T12:46:36.862000Z
190,1.16402,1.16406,4309999.9428,3670000.0763,2018-08-31T12:46:37.442000Z
191,1.16402,1.16405,5059999.9428,1000000.0,2018-08-31T12:46:38.367000Z
192,1.16402,1.16404,1000000.0,4869999.8856,2018-08-31T12:46:38.733000Z
193,1.16399,1.16403,2250000.0,5440000.0572,2018-08-31T12:46:38.787000Z
194,1.1640000000000001,1.16403,1690000.0572,1500000.0,2018-08-31T12:46:38.998000Z
195,1.16403,1.16406,1500000.0,1950000.0477,2018-08-31T12:46:39.302000Z
196,1.16403,1.16404,1000000.0,1000000.0,2018-08-31T12:46:39.667000Z
197,1.16401,1.16403,1000000.0,4119999.8856,2018-08-31T12:46:39.719000Z
198,1.1640000000000001,1.16402,1000000.0,1500000.0,2018-08-31T12:46:40.275000Z
199,1.16401,1.16402,1500000.0,1000000.0,2018-08-31T12:46:41.877000Z
200,1.16402,1.16405,2890000.1049,1000000.0,2018-08-31T12:46:42.013000Z
201,1.16402,1.16406,3640000.1049,4869999.8856,2018-08-31T12:46:43.926000Z
202,1.16404,1.16405,1000000.0,1000000.0,2018-08-31T12:46:44.493000Z
203,1.16404,1.16406,1000000.0,3819999.9332,2018-08-31T12:46:45.618000Z
204,1.16404,1.1640700000000002,3039999.9619,1200000.0477,2018-08-31T12:46:46.158000Z
205,1.16403,1.16406,5320000.1717,1190000.0572,2018-08-31T12:46:47.554000Z
206,1.16403,1.16406,1500000.0,1000000.0,2018-08-31T12:46:48.093000Z
207,1.16403,1.16405,1500000.0,1000000.0,2018-08-31T12:46:48.690000Z
208,1.16403,1.16406,1000000.0,1500000.0,2018-08-31T12:46:49.208000Z
209,1.16403,1.16405,1500000.0,1000000.0,2018-08-31T12:46:49.719000Z
210,1.16403,1.16406,1950000.0477,2250000.0,2018-08-31T12:46:50.770000Z
211,1.16403,1.16405,1000000.0,1000000.0,2018-08-31T12:46:52.594000Z
212,1.16403,1.16406,1000000.0,1500000.0,2018-08-31T12:46:53.140000Z
213,1.16403,1.16404,1000000.0,1000000.0,2018-08-31T12:46:53.447000Z
214,1.16396,1.1640000000000001,5889999.8665,1870000.0048,2018-08-31T12:46:53.606000Z
215,1.16395,1.16398,2890000.1049,1000000.0,2018-08-31T12:46:54.049000Z
216,1.1639700000000002,1.16399,4389999.8665,1000000.0,2018-08-31T12:46:54.437000Z
217,1.1639700000000002,1.1640000000000001,3940000.0572,2250000.0,2018-08-31T12:46:55.722000Z
218,1.1640000000000001,1.16401,1049999.9523,4869999.8856,2018-08-31T12:46:56.239000Z
219,1.16401,1.16403,1500000.0,2250000.0,2018-08-31T12:46:56.395000Z
220,1.16399,1.16401,1500000.0,1500000.0,2018-08-31T12:46:56.497000Z
221,1.16396,1.16399,4389999.8665,1250000.0,2018-08-31T12:46:56.702000Z
222,1.16396,1.1640000000000001,3259999.9905,3450000.0477,2018-08-31T12:46:57.203000Z
223,1.16398,1.1640000000000001,1250000.0,1000000.0,2018-08-31T12:46:57.516000Z
224,1.16399,1.1640000000000001,1250000.0,1000000.0,2018-08-31T12:46:58.320000Z
225,1.16399,1.16401,2440000.0572,1950000.0477,2018-08-31T12:46:59.404000Z
226,1.1640000000000001,1.16402,2440000.0572,1200000.0477,2018-08-31T12:46:59.508000Z
227,1.16403,1.16405,1250000.0,3000000.0,2018-08-31T12:46:59.562000Z
228,1.16399,1.16401,2289999.9619,2250000.0,2018-08-31T12:46:59.768000Z
229,1.16395,1.16396,5699999.8093,1350000.0238,2018-08-31T12:47:00.237000Z
230,1.16389,1.16392,1120000.0048,1870000.0048,2018-08-31T12:47:00.385000Z
231,1.1638700000000002,1.16388,2140000.1049,1000000.0,2018-08-31T12:47:00.496000Z
232,1.16389,1.1639000000000002,1000000.0,2059999.9428,2018-08-31T12:47:00.846000Z
233,1.1638700000000002,1.16389,2289999.9619,2250000.0,2018-08-31T12:47:01.050000Z
234,1.1638700000000002,1.16389,5139999.8665,1000000.0,2018-08-31T12:47:02.194000Z
235,1.16388,1.1639000000000002,1000000.0,2250000.0,2018-08-31T12:47:02.725000Z
236,1.16389,1.16392,6369999.8856,1389999.9857,2018-08-31T12:47:03.158000Z
237,1.16388,1.1639000000000002,2509999.9905,2619999.8856,2018-08-31T12:47:03.468000Z
238,1.16385,1.1638700000000002,1950000.0477,1000000.0,2018-08-31T12:47:03.533000Z
239,1.16384,1.1638700000000002,3640000.1049,1000000.0,2018-08-31T12:47:04.082000Z
240,1.1638700000000002,1.16388,1250000.0,1000000.0,2018-08-31T12:47:04.307000Z
241,1.1638700000000002,1.16391,5809999.9428,3000000.0,2018-08-31T12:47:04.413000Z
242,1.16388,1.16391,1500000.0,2250000.0,2018-08-31T12:47:04.955000Z
243,1.1638700000000002,1.16391,6750000.0,2440000.0572,2018-08-31T12:47:08.622000Z
244,1.1638600000000001,1.16389,1100000.0238,2250000.0,2018-08-31T12:47:08.780000Z
245,1.1638600000000001,1.16389,3559999.9428,1000000.0,2018-08-31T12:47:09.326000Z
246,1.1638700000000002,1.1639000000000002,2809999.9428,1000000.0,2018-08-31T12:47:09.966000Z
247,1.16388,1.16391,2440000.0572,1000000.0,2018-08-31T12:47:10.754000Z
248,1.16389,1.16391,1250000.0,1000000.0,2018-08-31T12:47:11.257000Z
249,1.1639000000000002,1.16391,1250000.0,1000000.0,2018-08-31T12:47:16.732000Z
250,1.1639000000000002,1.16392,1250000.0,1500000.0,2018-08-31T12:47:17.280000Z
251,1.1638700000000002,1.16389,10350000.3815,1000000.0,2018-08-31T12:47:19.205000Z
252,1.1638600000000001,1.16388,2059999.9428,1500000.0,2018-08-31T12:47:19.366000Z
253,1.1638700000000002,1.1639000000000002,1250000.0,1000000.0,2018-08-31T12:47:20.339000Z
254,1.1638700000000002,1.1639000000000002,5059999.9428,1000000.0,2018-08-31T12:47:20.855000Z
255,1.1638700000000002,1.16389,3369999.8856,1000000.0,2018-08-31T12:47:22.713000Z
256,1.16385,1.1638600000000001,1570000.0525,5440000.0572,2018-08-31T12:47:22.767000Z
257,1.16382,1.16383,1500000.0,1000000.0,2018-08-31T12:47:22.821000Z
258,1.1638,1.16382,3190000.0572,1000000.0,2018-08-31T12:47:22.934000Z
259,1.16378,1.16381,4010000.2289,1000000.0,2018-08-31T12:47:23.252000Z
260,1.16379,1.16381,1190000.0572,1000000.0,2018-08-31T12:47:23.305000Z
261,1.16379,1.16381,1000000.0,3750000.0,2018-08-31T12:47:23.832000Z
262,1.1638,1.16381,1000000.0,1500000.0,2018-08-31T12:47:24.453000Z
263,1.1637700000000002,1.16381,5440000.0572,1870000.0048,2018-08-31T12:47:24.828000Z
264,1.16379,1.16382,3940000.0572,1950000.0477,2018-08-31T12:47:25.337000Z
265,1.16382,1.16384,3559999.9428,3000000.0,2018-08-31T12:47:31.058000Z
266,1.16382,1.16385,4010000.2289,1000000.0,2018-08-31T12:47:31.939000Z
267,1.16383,1.16385,1000000.0,1000000.0,2018-08-31T12:47:32.472000Z
268,1.16382,1.16384,8510000.2289,1000000.0,2018-08-31T12:47:33.768000Z
269,1.16383,1.16384,1000000.0,1000000.0,2018-08-31T12:47:34.330000Z
270,1.1638,1.16382,9449999.8093,3250000.0,2018-08-31T12:47:34.962000Z
271,1.1637700000000002,1.16379,3450000.0477,1500000.0,2018-08-31T12:47:35.122000Z
272,1.1637700000000002,1.16379,1250000.0,1200000.0477,2018-08-31T12:47:35.637000Z
273,1.16374,1.1637700000000002,5139999.8665,1500000.0,2018-08-31T12:47:35.897000Z
274,1.16375,1.1637700000000002,1250000.0,1000000.0,2018-08-31T12:47:36.404000Z
275,1.16374,1.16378,8890000.3433,3450000.0477,2018-08-31T12:47:36.925000Z
276,1.16374,1.1637700000000002,1690000.0572,2809999.9428,2018-08-31T12:47:37.396000Z
277,1.16374,1.1637700000000002,2440000.0572,1120000.0048,2018-08-31T12:47:37.917000Z
278,1.16375,1.16378,6190000.0572,1000000.0,2018-08-31T12:47:39.281000Z
279,1.16378,1.16381,2250000.0,1870000.0048,2018-08-31T12:47:39.620000Z
280,1.16378,1.16382,2619999.8856,4199999.8093,2018-08-31T12:47:40.132000Z
281,1.16379,1.1638,1250000.0,1000000.0,2018-08-31T12:47:40.682000Z
282,1.16378,1.1638,6940000.0572,1000000.0,2018-08-31T12:47:41.242000Z
283,1.16378,1.16382,9369999.8856,7869999.8856,2018-08-31T12:47:41.296000Z
284,1.16378,1.16381,6500000.0,1000000.0,2018-08-31T12:47:42.084000Z
285,1.16378,1.16382,4250000.0,3000000.0,2018-08-31T12:47:42.890000Z
286,1.16378,1.16381,4690000.0572,1000000.0,2018-08-31T12:47:43.400000Z
287,1.16378,1.16381,3940000.0572,1000000.0,2018-08-31T12:47:43.949000Z
288,1.16378,1.16381,1500000.0,1000000.0,2018-08-31T12:47:44.493000Z
289,1.16378,1.1638,1500000.0,1000000.0,2018-08-31T12:47:45.125000Z
290,1.16378,1.1638,3369999.8856,1000000.0,2018-08-31T12:47:47.356000Z
291,1.16378,1.1638,3750000.0,1000000.0,2018-08-31T12:47:47.899000Z
292,1.16378,1.1638,1690000.0572,1690000.0572,2018-08-31T12:47:48.480000Z
293,1.16378,1.1638,1000000.0,1250000.0,2018-08-31T12:47:48.999000Z
294,1.16378,1.16382,1200000.0477,5360000.1335,2018-08-31T12:47:50.594000Z
295,1.16381,1.16382,1690000.0572,1500000.0,2018-08-31T12:47:50.700000Z
296,1.16382,1.16385,2890000.1049,1370000.0048,2018-08-31T12:47:50.809000Z
297,1.16381,1.16382,1389999.9857,1000000.0,2018-08-31T12:47:51.021000Z
298,1.16378,1.16381,12189999.5804,1000000.0,2018-08-31T12:47:51.197000Z
299,1.1638,1.16382,1000000.0,2250000.0,2018-08-31T12:47:51.258000Z
300,1.1638,1.16384,1690000.0572,8170000.0763,2018-08-31T12:47:51.418000Z
301,1.1638,1.16383,2140000.1049,1120000.0048,2018-08-31T12:47:52.041000Z
302,1.1638,1.16384,2140000.1049,4420000.0763,2018-08-31T12:47:52.560000Z
303,1.1638,1.16383,3640000.1049,1120000.0048,2018-08-31T12:47:53.141000Z
304,1.1638,1.16384,4010000.2289,4050000.1907,2018-08-31T12:47:54.121000Z
305,1.16381,1.16384,6559999.9428,1570000.0525,2018-08-31T12:47:54.292000Z
306,1.16382,1.16385,1309999.9428,2250000.0,2018-08-31T12:47:55.286000Z
307,1.16383,1.16385,1690000.0572,1000000.0,2018-08-31T12:47:56.913000Z
308,1.16383,1.16385,1309999.9428,1120000.0048,2018-08-31T12:47:57.649000Z
309,1.1638600000000001,1.16389,8510000.2289,1000000.0,2018-08-31T12:47:57.938000Z
310,1.1638600000000001,1.16389,1120000.0048,2440000.0572,2018-08-31T12:47:58.547000Z
311,1.16385,1.1638700000000002,2140000.1049,1000000.0,2018-08-31T12:47:58.861000Z
312,1.1638,1.16381,4199999.8093,1000000.0,2018-08-31T12:47:59.255000Z
313,1.16379,1.16381,1500000.0,1000000.0,2018-08-31T12:47:59.308000Z
314,1.16382,1.16383,1500000.0,1000000.0,2018-08-31T12:48:03.316000Z
315,1.1638,1.16383,1100000.0238,5250000.0,2018-08-31T12:48:03.475000Z
316,1.16379,1.16382,2059999.9428,1120000.0048,2018-08-31T12:48:04.181000Z
317,1.1638,1.16382,1000000.0,1120000.0048,2018-08-31T12:48:11.923000Z
318,1.16378,1.16382,3000000.0,5889999.8665,2018-08-31T12:48:14.869000Z
319,1.1637600000000001,1.16379,3259999.9905,4119999.8856,2018-08-31T12:48:14.923000Z
320,1.1637700000000002,1.16381,1250000.0,12300000.1907,2018-08-31T12:48:14.977000Z
321,1.1637700000000002,1.16381,8810000.4196,1500000.0,2018-08-31T12:48:15.508000Z
322,1.1637700000000002,1.16381,3450000.0477,5809999.9428,2018-08-31T12:48:15.821000Z
323,1.1637600000000001,1.16379,2250000.0,1870000.0048,2018-08-31T12:48:16.073000Z
324,1.1637600000000001,1.16379,1500000.0,1620000.0048,2018-08-31T12:48:16.591000Z
325,1.16374,1.1637700000000002,2440000.0572,1000000.0,2018-08-31T12:48:17.112000Z
326,1.16372,1.16375,2809999.9428,4719999.7902,2018-08-31T12:48:17.218000Z
327,1.16371,1.16374,3640000.1049,1120000.0048,2018-08-31T12:48:17.272000Z
328,1.16372,1.16375,1250000.0,1500000.0,2018-08-31T12:48:17.812000Z
329,1.16371,1.16373,1950000.0477,1500000.0,2018-08-31T12:48:17.968000Z
330,1.1636900000000001,1.16372,2059999.9428,1000000.0,2018-08-31T12:48:18.305000Z
331,1.1636900000000001,1.16372,1309999.9428,1690000.0572,2018-08-31T12:48:20.492000Z
332,1.1636700000000002,1.1636900000000001,1200000.0477,1000000.0,2018-08-31T12:48:20.805000Z
333,1.1636600000000001,1.1636900000000001,2440000.0572,3259999.9905,2018-08-31T12:48:21.760000Z
334,1.16361,1.16362,1000000.0,1500000.0,2018-08-31T12:48:22.090000Z
335,1.16361,1.16364,3559999.9428,1120000.0048,2018-08-31T12:48:22.193000Z
336,1.16363,1.1636600000000001,3640000.1049,2400000.0954,2018-08-31T12:48:22.536000Z
337,1.16363,1.1636600000000001,2140000.1049,1500000.0,2018-08-31T12:48:22.588000Z
338,1.16363,1.1636700000000002,4199999.8093,2319999.9332,2018-08-31T12:48:23.095000Z
339,1.1636600000000001,1.1637,1690000.0572,1000000.0,2018-08-31T12:48:23.433000Z
340,1.16368,1.1637,1250000.0,1000000.0,2018-08-31T12:48:23.981000Z
341,1.1636900000000001,1.16373,6190000.0572,6150000.0954,2018-08-31T12:48:25.960000Z
342,1.16372,1.16374,1500000.0,1100000.0238,2018-08-31T12:48:26.014000Z
343,1.1636900000000001,1.16372,1000000.0,1759999.9905,2018-08-31T12:48:26.341000Z
344,1.1636700000000002,1.16368,1200000.0477,2619999.8856,2018-08-31T12:48:26.659000Z
345,1.1636700000000002,1.16371,7750000.0,4119999.8856,2018-08-31T12:48:26.784000Z
346,1.1636900000000001,1.16371,1000000.0,1250000.0,2018-08-31T12:48:27.740000Z
347,1.1636700000000002,1.16371,1000000.0,6219999.7902,2018-08-31T12:48:27.791000Z
348,1.1636600000000001,1.1636900000000001,1759999.9905,1120000.0048,2018-08-31T12:48:27.843000Z
349,1.16365,1.16368,5250000.0,1500000.0,2018-08-31T12:48:27.947000Z
350,1.16364,1.1636600000000001,1000000.0,1000000.0,2018-08-31T12:48:28.225000Z
351,1.1636700000000002,1.1636900000000001,1000000.0,1120000.0048,2018-08-31T12:48:28.539000Z
352,1.16368,1.1637,1250000.0,1200000.0477,2018-08-31T12:48:30.004000Z
353,1.16368,1.1637,1309999.9428,1000000.0,2018-08-31T12:48:32.528000Z
354,1.16368,1.1637,1250000.0,1000000.0,2018-08-31T12:48:33.076000Z
355,1.1636600000000001,1.16368,9449999.8093,1000000.0,2018-08-31T12:48:34.081000Z
356,1.16355,1.16358,3450000.0477,1500000.0,2018-08-31T12:48:34.238000Z
357,1.16358,1.1636,1000000.0,1100000.0238,2018-08-31T12:48:34.510000Z
358,1.1635700000000002,1.16361,1000000.0,1950000.0477,2018-08-31T12:48:35.024000Z
359,1.1635700000000002,1.16361,1000000.0,4570000.1717,2018-08-31T12:48:35.572000Z
360,1.1635700000000002,1.16361,1000000.0,8829999.9237,2018-08-31T12:48:36.090000Z
361,1.1635700000000002,1.16361,2619999.8856,2769999.9809,2018-08-31T12:48:36.299000Z
362,1.1636,1.16362,1000000.0,1570000.0525,2018-08-31T12:48:36.353000Z
363,1.16358,1.16361,1000000.0,6000000.0,2018-08-31T12:48:36.832000Z
364,1.1635900000000001,1.16363,1309999.9428,3670000.0763,2018-08-31T12:48:37.343000Z
365,1.1635900000000001,1.16363,1250000.0,7500000.0,2018-08-31T12:48:38.009000Z
366,1.16361,1.16363,1909999.9666,2059999.9428,2018-08-31T12:48:38.165000Z
367,1.16365,1.16368,1120000.0048,1200000.0477,2018-08-31T12:48:38.373000Z
368,1.16365,1.1636700000000002,1000000.0,1120000.0048,2018-08-31T12:48:39.635000Z
369,1.16365,1.1636700000000002,1000000.0,2059999.9428,2018-08-31T12:48:42.608000Z
370,1.16365,1.1636700000000002,1000000.0,1120000.0048,2018-08-31T12:48:43.135000Z
371,1.16365,1.1636700000000002,1250000.0,4010000.2289,2018-08-31T12:48:46.207000Z
372,1.16362,1.16364,4869999.8856,1870000.0048,2018-08-31T12:48:46.310000Z
373,1.16364,1.16365,1000000.0,6000000.0,2018-08-31T12:48:46.374000Z
374,1.1636,1.16362,1000000.0,1120000.0048,2018-08-31T12:48:46.429000Z
375,1.1636,1.16361,1000000.0,1000000.0,2018-08-31T12:48:49.351000Z
376,1.16358,1.16361,1690000.0572,1000000.0,2018-08-31T12:48:49.453000Z
377,1.1635900000000001,1.16361,1190000.0572,1000000.0,2018-08-31T12:48:49.505000Z
378,1.16361,1.16363,1000000.0,1000000.0,2018-08-31T12:48:49.557000Z
379,1.1635900000000001,1.16362,1690000.0572,1000000.0,2018-08-31T12:48:50.094000Z
380,1.1635900000000001,1.16363,1190000.0572,5699999.8093,2018-08-31T12:48:50.713000Z
381,1.1635900000000001,1.16361,1000000.0,1120000.0048,2018-08-31T12:48:51.199000Z
382,1.1635700000000002,1.1635900000000001,2619999.8856,1120000.0048,2018-08-31T12:48:52.830000Z
383,1.16353,1.1635700000000002,4010000.2289,1570000.0525,2018-08-31T12:48:53.035000Z
384,1.16354,1.1635700000000002,1120000.0048,1759999.9905,2018-08-31T12:48:56.687000Z
385,1.1635600000000001,1.1635700000000002,1000000.0,1000000.0,2018-08-31T12:48:56.973000Z
386,1.16358,1.16362,5809999.9428,4869999.8856,2018-08-31T12:48:57.127000Z
387,1.16358,1.16362,4309999.9428,3750000.0,2018-08-31T12:48:57.651000Z
388,1.16358,1.16362,4309999.9428,1870000.0048,2018-08-31T12:48:58.180000Z
389,1.1635900000000001,1.16362,4309999.9428,1000000.0,2018-08-31T12:48:58.691000Z
390,1.16362,1.16364,4500000.0,1000000.0,2018-08-31T12:48:59.054000Z
391,1.16364,1.1636600000000001,1000000.0,1000000.0,2018-08-31T12:48:59.161000Z
392,1.16361,1.16363,4199999.8093,3000000.0,2018-08-31T12:48:59.509000Z
393,1.16358,1.16361,4500000.0,1120000.0048,2018-08-31T12:48:59.616000Z
394,1.16358,1.16361,2619999.8856,4869999.8856,2018-08-31T12:49:00.130000Z
395,1.16358,1.16361,2250000.0,1500000.0,2018-08-31T12:49:00.649000Z
396,1.1635700000000002,1.16361,4119999.8856,1000000.0,2018-08-31T12:49:01.842000Z
397,1.1635700000000002,1.1636,5440000.0572,2250000.0,2018-08-31T12:49:02.502000Z
398,1.16358,1.1636,1000000.0,1500000.0,2018-08-31T12:49:03.260000Z
399,1.1635700000000002,1.1636,5139999.8665,1500000.0,2018-08-31T12:49:03.764000Z
400,1.1635700000000002,1.1636,6079999.9237,1500000.0,2018-08-31T12:49:04.659000Z
401,1.16358,1.1635900000000001,1500000.0,1000000.0,2018-08-31T12:49:05.745000Z
402,1.1635600000000001,1.16358,1120000.0048,2619999.8856,2018-08-31T12:49:05.797000Z
403,1.16354,1.1635700000000002,3069999.9332,2440000.0572,2018-08-31T12:49:05.849000Z
404,1.16354,1.1635600000000001,2440000.0572,1000000.0,2018-08-31T12:49:07.081000Z
405,1.16354,1.1635600000000001,1620000.0048,1000000.0,2018-08-31T12:49:10.558000Z
406,1.1635600000000001,1.1635700000000002,2059999.9428,1000000.0,2018-08-31T12:49:11.131000Z
407,1.1635700000000002,1.1636,3369999.8856,3819999.9332,2018-08-31T12:49:11.187000Z
408,1.16354,1.16358,1120000.0048,7949999.8093,2018-08-31T12:49:11.349000Z
409,1.16355,1.1635900000000001,1200000.0477,6449999.8093,2018-08-31T12:49:11.861000Z
410,1.1635700000000002,1.1635900000000001,1000000.0,1200000.0477,2018-08-31T12:49:11.913000Z
411,1.1635700000000002,1.16358,1000000.0,1000000.0,2018-08-31T12:49:12.468000Z
412,1.1635700000000002,1.1635900000000001,5250000.0,1000000.0,2018-08-31T12:49:13.033000Z
413,1.1635700000000002,1.1635900000000001,2619999.8856,1000000.0,2018-08-31T12:49:13.544000Z
414,1.16358,1.16361,1309999.9428,3069999.9332,2018-08-31T12:49:17.049000Z
415,1.16358,1.16361,3970000.0286,2059999.9428,2018-08-31T12:49:17.597000Z
416,1.16358,1.16361,3970000.0286,1690000.0572,2018-08-31T12:49:18.401000Z
417,1.16358,1.16361,1690000.0572,4269999.9809,2018-08-31T12:49:21.027000Z
418,1.16358,1.16361,1000000.0,2769999.9809,2018-08-31T12:49:21.641000Z
419,1.16358,1.16361,1690000.0572,2769999.9809,2018-08-31T12:49:23.128000Z
420,1.16355,1.16358,1000000.0,3450000.0477,2018-08-31T12:49:23.307000Z
421,1.1635700000000002,1.1635900000000001,1000000.0,1200000.0477,2018-08-31T12:49:23.412000Z
422,1.1635700000000002,1.1636,3750000.0,1000000.0,2018-08-31T12:49:24.919000Z
423,1.16358,1.16361,1120000.0048,4500000.0,2018-08-31T12:49:25.429000Z
424,1.1635700000000002,1.1636,1500000.0,2509999.9905,2018-08-31T12:49:25.955000Z
425,1.16358,1.1635900000000001,1000000.0,1000000.0,2018-08-31T12:49:26.473000Z
426,1.1635700000000002,1.16361,3750000.0,2619999.8856,2018-08-31T12:49:29.275000Z
427,1.16358,1.16361,2619999.8856,1690000.0572,2018-08-31T12:49:29.816000Z
428,1.16361,1.16362,1049999.9523,2890000.1049,2018-08-31T12:49:29.971000Z
429,1.16362,1.16365,2660000.0858,1500000.0,2018-08-31T12:49:30.026000Z
430,1.16364,1.1636700000000002,1000000.0,3000000.0,2018-08-31T12:49:30.080000Z
431,1.16363,1.16365,4500000.0,1190000.0572,2018-08-31T12:49:36.759000Z
432,1.16364,1.1636700000000002,1250000.0,1120000.0048,2018-08-31T12:49:36.920000Z
433,1.16364,1.1636700000000002,1309999.9428,4119999.8856,2018-08-31T12:49:37.514000Z
434,1.16364,1.16365,1120000.0048,1000000.0,2018-08-31T12:49:39.015000Z
435,1.1636600000000001,1.1636700000000002,1000000.0,1500000.0,2018-08-31T12:49:39.670000Z
436,1.1636700000000002,1.1636900000000001,1250000.0,1500000.0,2018-08-31T12:49:39.724000Z
437,1.16368,1.1636900000000001,1120000.0048,1000000.0,2018-08-31T12:49:40.252000Z
438,1.1636700000000002,1.1637,2289999.9619,2250000.0,2018-08-31T12:49:40.795000Z
439,1.1636900000000001,1.1637,1000000.0,1000000.0,2018-08-31T12:49:41.335000Z
440,1.16371,1.16374,1250000.0,2319999.9332,2018-08-31T12:49:41.390000Z
441,1.1636900000000001,1.16372,1250000.0,1000000.0,2018-08-31T12:49:41.676000Z
442,1.1636900000000001,1.16371,2849999.9046,1000000.0,2018-08-31T12:49:42.187000Z
443,1.1636900000000001,1.16371,1000000.0,1000000.0,2018-08-31T12:49:42.732000Z
444,1.1636900000000001,1.16372,1120000.0048,3190000.0572,2018-08-31T12:49:43.765000Z
445,1.16368,1.1636900000000001,1500000.0,1500000.0,2018-08-31T12:49:44.083000Z
446,1.16364,1.1636600000000001,11619999.8856,2440000.0572,2018-08-31T12:49:44.190000Z
447,1.16365,1.1636700000000002,1000000.0,2700000.0477,2018-08-31T12:49:44.297000Z
448,1.16368,1.1637,1000000.0,1500000.0,2018-08-31T12:49:44.351000Z
449,1.1636900000000001,1.16371,1000000.0,1000000.0,2018-08-31T12:49:44.863000Z
450,1.1636900000000001,1.16371,2440000.0572,1250000.0,2018-08-31T12:49:47.653000Z
451,1.16373,1.16375,1000000.0,7010000.2289,2018-08-31T12:49:47.707000Z
452,1.16374,1.1637600000000001,1250000.0,1870000.0048,2018-08-31T12:49:47.761000Z
453,1.1637700000000002,1.16378,1120000.0048,4010000.2289,2018-08-31T12:49:50.804000Z
454,1.1637700000000002,1.16381,3819999.9332,4949999.8093,2018-08-31T12:49:50.914000Z
455,1.1637700000000002,1.1638,2319999.9332,1000000.0,2018-08-31T12:49:51.486000Z
456,1.16375,1.1637600000000001,4949999.8093,1000000.0,2018-08-31T12:49:51.900000Z
457,1.16373,1.16375,1000000.0,1690000.0572,2018-08-31T12:49:51.953000Z
458,1.16373,1.1637700000000002,2440000.0572,3369999.8856,2018-08-31T12:49:52.287000Z
459,1.16373,1.1637700000000002,1870000.0048,5619999.8856,2018-08-31T12:49:53.082000Z
460,1.16373,1.1637700000000002,1690000.0572,5619999.8856,2018-08-31T12:49:54.049000Z
461,1.16373,1.1637600000000001,1000000.0,3069999.9332,2018-08-31T12:49:54.569000Z
462,1.16371,1.16373,1500000.0,1500000.0,2018-08-31T12:49:54.751000Z
463,1.1636900000000001,1.16371,1000000.0,1950000.0477,2018-08-31T12:49:55.089000Z
464,1.1637,1.16372,4869999.8856,1950000.0477,2018-08-31T12:49:56.527000Z
465,1.1638,1.16382,4869999.8856,1000000.0,2018-08-31T12:49:56.788000Z
466,1.1638,1.16384,1950000.0477,3069999.9332,2018-08-31T12:49:56.843000Z
467,1.1638,1.16382,1120000.0048,1000000.0,2018-08-31T12:49:57.318000Z
468,1.16378,1.16381,8890000.3433,2849999.9046,2018-08-31T12:49:57.742000Z
469,1.16374,1.1637700000000002,1000000.0,1120000.0048,2018-08-31T12:49:57.887000Z
470,1.16372,1.16374,1000000.0,14550000.1907,2018-08-31T12:49:57.998000Z
471,1.16368,1.1637,1500000.0,1120000.0048,2018-08-31T12:49:58.206000Z
472,1.1636900000000001,1.16371,1000000.0,1000000.0,2018-08-31T12:49:58.728000Z
473,1.16372,1.16374,3000000.0,1200000.0477,2018-08-31T12:49:59.132000Z
474,1.16375,1.1637700000000002,1000000.0,1500000.0,2018-08-31T12:49:59.185000Z
475,1.16375,1.1637700000000002,1500000.0,1500000.0,2018-08-31T12:49:59.237000Z
476,1.1637700000000002,1.16378,1250000.0,1000000.0,2018-08-31T12:49:59.394000Z
477,1.16378,1.16382,1120000.0048,1370000.0048,2018-08-31T12:49:59.575000Z
478,1.1638,1.16382,1000000.0,1000000.0,2018-08-31T12:49:59.627000Z
479,1.1638,1.16382,1000000.0,1190000.0572,2018-08-31T12:50:00.527000Z
480,1.1638,1.16382,1000000.0,1250000.0,2018-08-31T12:50:01.824000Z
481,1.1638,1.16382,1000000.0,1190000.0572,2018-08-31T12:50:03.085000Z
482,1.16383,1.1638700000000002,1120000.0048,1370000.0048,2018-08-31T12:50:03.424000Z
483,1.16383,1.1638700000000002,1120000.0048,1000000.0,2018-08-31T12:50:03.476000Z
484,1.16383,1.1638700000000002,2059999.9428,1389999.9857,2018-08-31T12:50:04.188000Z
485,1.16383,1.1638700000000002,1120000.0048,1389999.9857,2018-08-31T12:50:04.701000Z
486,1.16383,1.1638700000000002,1120000.0048,1700000.0477,2018-08-31T12:50:05.401000Z
487,1.16381,1.16383,8510000.2289,1000000.0,2018-08-31T12:50:06.146000Z
488,1.16368,1.1636900000000001,1000000.0,1000000.0,2018-08-31T12:50:06.252000Z
489,1.1637,1.16373,3750000.0,1690000.0572,2018-08-31T12:50:06.458000Z
490,1.16368,1.1637,1000000.0,1000000.0,2018-08-31T12:50:06.669000Z
491,1.1636900000000001,1.16372,5059999.9428,1690000.0572,2018-08-31T12:50:10.189000Z
492,1.16368,1.16372,1000000.0,3940000.0572,2018-08-31T12:50:10.344000Z
493,1.16368,1.1637,1000000.0,1000000.0,2018-08-31T12:50:10.683000Z
494,1.16365,1.1636900000000001,5619999.8856,3940000.0572,2018-08-31T12:50:12.805000Z
495,1.16365,1.1636700000000002,1000000.0,1000000.0,2018-08-31T12:50:13.347000Z
496,1.16364,1.1636600000000001,1870000.0048,1000000.0,2018-08-31T12:50:14.720000Z
497,1.16363,1.16365,1120000.0048,1190000.0572,2018-08-31T12:50:19.673000Z
498,1.16361,1.16363,1570000.0525,2250000.0,2018-08-31T12:50:19.725000Z
499,1.1635900000000001,1.16363,2319999.9332,2440000.0572,2018-08-31T12:50:19.828000Z
500,1.1636,1.16363,1000000.0,1000000.0,2018-08-31T12:50:20.348000Z
501,1.16358,1.16362,2140000.1049,2140000.1049,2018-08-31T12:50:20.877000Z
502,1.16358,1.16361,1309999.9428,1000000.0,2018-08-31T12:50:22.014000Z
503,1.1635700000000002,1.16361,1500000.0,1120000.0048,2018-08-31T12:50:24.159000Z
504,1.1635600000000001,1.1635900000000001,3750000.0,1000000.0,2018-08-31T12:50:24.315000Z
505,1.16355,1.1635900000000001,1870000.0048,1539999.9619,2018-08-31T12:50:24.839000Z
506,1.16355,1.16358,1309999.9428,1500000.0,2018-08-31T12:50:25.378000Z
507,1.1635700000000002,1.1636,1009999.9905,1000000.0,2018-08-31T12:50:25.692000Z
508,1.1635700000000002,1.1636,1389999.9857,1000000.0,2018-08-31T12:50:26.263000Z
509,1.1635700000000002,1.1636,1759999.9905,1000000.0,2018-08-31T12:50:26.863000Z
510,1.1635700000000002,1.16361,1389999.9857,2509999.9905,2018-08-31T12:50:28.340000Z
511,1.16358,1.16361,1000000.0,2319999.9332,2018-08-31T12:50:29.957000Z
512,1.1635700000000002,1.16361,2140000.1049,1200000.0477,2018-08-31T12:50:30.481000Z
513,1.16358,1.16361,1000000.0,1389999.9857,2018-08-31T12:50:32.779000Z
514,1.1635700000000002,1.1635900000000001,1000000.0,1000000.0,2018-08-31T12:50:33.435000Z
515,1.1635700000000002,1.1635900000000001,1870000.0048,1000000.0,2018-08-31T12:50:34.370000Z
516,1.1636,1.16362,3750000.0,1000000.0,2018-08-31T12:50:34.424000Z
517,1.16362,1.16363,1500000.0,2700000.0477,2018-08-31T12:50:34.478000Z
518,1.16362,1.16364,1000000.0,5480000.0191,2018-08-31T12:50:34.535000Z
519,1.1636,1.16363,1570000.0525,3000000.0,2018-08-31T12:50:34.588000Z
520,1.1635900000000001,1.16361,1559999.9428,1000000.0,2018-08-31T12:50:34.692000Z
521,1.16362,1.16363,1500000.0,1870000.0048,2018-08-31T12:50:34.797000Z
522,1.16364,1.1636600000000001,3000000.0,1950000.0477,2018-08-31T12:50:34.976000Z
523,1.16364,1.1636600000000001,1799999.9523,1000000.0,2018-08-31T12:50:35.028000Z
524,1.16361,1.16362,1100000.0238,2250000.0,2018-08-31T12:50:35.284000Z
525,1.1635700000000002,1.16361,3069999.9332,2700000.0477,2018-08-31T12:50:35.586000Z
526,1.16358,1.16361,1120000.0048,1250000.0,2018-08-31T12:50:36.530000Z
527,1.1635600000000001,1.16358,8739999.7711,1000000.0,2018-08-31T12:50:37.435000Z
528,1.1635600000000001,1.1636,5289999.9619,1690000.0572,2018-08-31T12:50:37.487000Z
529,1.1635700000000002,1.1636,3069999.9332,1000000.0,2018-08-31T12:50:37.999000Z
530,1.16358,1.16362,6449999.8093,7570000.1717,2018-08-31T12:50:40.848000Z
531,1.16361,1.16363,1500000.0,3750000.0,2018-08-31T12:50:40.951000Z
532,1.1636,1.16363,1000000.0,3369999.8856,2018-08-31T12:50:41.003000Z
533,1.16362,1.16363,1000000.0,2619999.8856,2018-08-31T12:50:41.055000Z
534,1.1636,1.16362,1000000.0,1500000.0,2018-08-31T12:50:41.107000Z
535,1.1635900000000001,1.16362,1000000.0,2440000.0572,2018-08-31T12:50:41.638000Z
536,1.1635700000000002,1.16358,4570000.1717,1000000.0,2018-08-31T12:50:42.513000Z
537,1.16352,1.16355,4010000.2289,1000000.0,2018-08-31T12:50:42.709000Z
538,1.16353,1.1635700000000002,1500000.0,1500000.0,2018-08-31T12:50:43.016000Z
539,1.16355,1.1635700000000002,7119999.8856,1000000.0,2018-08-31T12:50:43.170000Z
540,1.16358,1.1636,3000000.0,1000000.0,2018-08-31T12:50:43.511000Z
541,1.1635900000000001,1.16361,2440000.0572,1000000.0,2018-08-31T12:50:46.192000Z
542,1.16363,1.1636600000000001,1120000.0048,1100000.0238,2018-08-31T12:50:46.458000Z
543,1.16363,1.16365,2250000.0,1000000.0,2018-08-31T12:50:46.979000Z
544,1.16363,1.1636700000000002,1000000.0,4010000.2289,2018-08-31T12:50:47.509000Z
545,1.16363,1.1636700000000002,1000000.0,4010000.2289,2018-08-31T12:50:48.019000Z
546,1.16363,1.1636700000000002,2250000.0,5320000.1717,2018-08-31T12:50:49.338000Z
547,1.16363,1.1636700000000002,2700000.0477,4949999.8093,2018-08-31T12:50:50.362000Z
548,1.16363,1.1636700000000002,4119999.8856,7570000.1717,2018-08-31T12:50:50.986000Z
549,1.16363,1.1636700000000002,4119999.8856,5619999.8856,2018-08-31T12:50:51.524000Z
550,1.16363,1.1636700000000002,2809999.9428,3940000.0572,2018-08-31T12:50:52.417000Z
551,1.16361,1.16363,1000000.0,1500000.0,2018-08-31T12:50:53.381000Z
552,1.16362,1.16363,1250000.0,1000000.0,2018-08-31T12:50:54.013000Z
553,1.16363,1.16365,1350000.0238,1000000.0,2018-08-31T12:50:54.169000Z
554,1.16365,1.16368,1250000.0,3940000.0572,2018-08-31T12:50:54.282000Z
555,1.1636700000000002,1.16368,1690000.0572,1000000.0,2018-08-31T12:50:54.619000Z
556,1.16368,1.16372,2250000.0,4949999.8093,2018-08-31T12:50:54.673000Z
557,1.16368,1.16372,1500000.0,3369999.8856,2018-08-31T12:50:54.726000Z
558,1.16368,1.16371,2809999.9428,1000000.0,2018-08-31T12:50:57.091000Z
559,1.1636700000000002,1.1637,5699999.8093,1500000.0,2018-08-31T12:51:03.500000Z
560,1.16365,1.16368,1450000.0477,4500000.0,2018-08-31T12:51:03.607000Z
561,1.16364,1.1636700000000002,4570000.1717,1000000.0,2018-08-31T12:51:03.663000Z
562,1.16365,1.16368,1500000.0,3190000.0572,2018-08-31T12:51:05.142000Z
563,1.1636600000000001,1.16368,1870000.0048,1000000.0,2018-08-31T12:51:05.688000Z
564,1.1636700000000002,1.1637,1000000.0,2319999.9332,2018-08-31T12:51:08.296000Z
565,1.16365,1.1636700000000002,2250000.0,1000000.0,2018-08-31T12:51:08.639000Z
566,1.16363,1.16365,1250000.0,2809999.9428,2018-08-31T12:51:09.003000Z
567,1.16361,1.16364,3069999.9332,1000000.0,2018-08-31T12:51:09.056000Z
568,1.16363,1.1636600000000001,2440000.0572,1200000.0477,2018-08-31T12:51:09.254000Z
569,1.1636700000000002,1.1637,2250000.0,2619999.8856,2018-08-31T12:51:09.580000Z
570,1.16364,1.1636700000000002,3190000.0572,1250000.0,2018-08-31T12:51:09.888000Z
571,1.16365,1.16368,4880000.1144,1120000.0048,2018-08-31T12:51:10.412000Z
572,1.16364,1.1636700000000002,1690000.0572,1250000.0,2018-08-31T12:51:10.938000Z
573,1.16363,1.1636700000000002,4690000.0572,3069999.9332,2018-08-31T12:51:11.511000Z
574,1.16363,1.1636700000000002,2250000.0,1870000.0048,2018-08-31T12:51:11.614000Z
575,1.16364,1.1636700000000002,1250000.0,1950000.0477,2018-08-31T12:51:12.164000Z
576,1.16365,1.1636700000000002,1250000.0,2509999.9905,2018-08-31T12:51:13.569000Z
577,1.16364,1.1636700000000002,1000000.0,2700000.0477,2018-08-31T12:51:14.125000Z
578,1.16364,1.1636700000000002,1250000.0,2319999.9332,2018-08-31T12:51:18.300000Z
579,1.16363,1.1636700000000002,1870000.0048,2509999.9905,2018-08-31T12:51:18.836000Z
580,1.16364,1.1636700000000002,1250000.0,2059999.9428,2018-08-31T12:51:19.350000Z
581,1.16364,1.1636700000000002,1250000.0,3750000.0,2018-08-31T12:51:19.860000Z
582,1.16363,1.1636700000000002,1870000.0048,2440000.0572,2018-08-31T12:51:20.520000Z
583,1.16364,1.1636700000000002,1250000.0,3940000.0572,2018-08-31T12:51:21.139000Z
584,1.16363,1.1636700000000002,1870000.0048,2440000.0572,2018-08-31T12:51:21.923000Z
585,1.16364,1.1636700000000002,1250000.0,3369999.8856,2018-08-31T12:51:22.431000Z
586,1.1636700000000002,1.1636900000000001,2880000.1144,3750000.0,2018-08-31T12:51:22.773000Z
587,1.16368,1.1637,3000000.0,1000000.0,2018-08-31T12:51:22.876000Z
588,1.16368,1.16372,3450000.0477,1950000.0477,2018-08-31T12:51:22.980000Z
589,1.1637,1.16372,1250000.0,1389999.9857,2018-08-31T12:51:23.497000Z
590,1.1636900000000001,1.16372,1000000.0,1950000.0477,2018-08-31T12:51:24.031000Z
591,1.16368,1.16372,4420000.0763,3069999.9332,2018-08-31T12:51:24.550000Z
592,1.16368,1.16372,5510000.2289,4010000.2289,2018-08-31T12:51:25.139000Z
593,1.16368,1.16372,4199999.8093,2140000.1049,2018-08-31T12:51:25.729000Z
594,1.16368,1.16372,4690000.0572,2809999.9428,2018-08-31T12:51:28.079000Z
595,1.16368,1.16372,1690000.0572,1309999.9428,2018-08-31T12:51:28.716000Z
596,1.16368,1.16372,5619999.8856,3559999.9428,2018-08-31T12:51:30.013000Z
597,1.16368,1.16372,1690000.0572,2059999.9428,2018-08-31T12:51:30.539000Z
598,1.16368,1.1637,1250000.0,1000000.0,2018-08-31T12:51:30.861000Z
599,1.1636600000000001,1.1636700000000002,1100000.0238,1000000.0,2018-08-31T12:51:34.588000Z
600,1.16363,1.1636700000000002,10390000.3433,1720000.0286,2018-08-31T12:51:34.744000Z
601,1.16363,1.16365,3819999.9332,1000000.0,2018-08-31T12:51:34.949000Z
602,1.16363,1.16365,1200000.0477,1000000.0,2018-08-31T12:51:35.485000Z
603,1.16362,1.16365,3000000.0,1250000.0,2018-08-31T12:51:37.699000Z
604,1.1635900000000001,1.16361,1000000.0,1000000.0,2018-08-31T12:51:38.006000Z
605,1.1635600000000001,1.1635900000000001,12489999.7711,2809999.9428,2018-08-31T12:51:44.867000Z
606,1.16353,1.1635600000000001,2059999.9428,1000000.0,2018-08-31T12:51:44.920000Z
607,1.1635700000000002,1.1636,5809999.9428,2319999.9332,2018-08-31T12:51:45.284000Z
608,1.1635700000000002,1.1636,10609999.6567,1000000.0,2018-08-31T12:51:45.812000Z
609,1.1636,1.16363,1500000.0,5619999.8856,2018-08-31T12:51:49.449000Z
610,1.16362,1.16364,1690000.0572,1000000.0,2018-08-31T12:51:49.604000Z
611,1.16361,1.16364,2319999.9332,1000000.0,2018-08-31T12:51:50.126000Z
612,1.16358,1.16361,1690000.0572,1000000.0,2018-08-31T12:51:50.444000Z
613,1.1635900000000001,1.16361,2250000.0,1000000.0,2018-08-31T12:51:50.981000Z
614,1.16361,1.16363,2099999.9046,1500000.0,2018-08-31T12:51:51.681000Z
615,1.16365,1.1636600000000001,1000000.0,1000000.0,2018-08-31T12:51:52.006000Z
616,1.16363,1.16365,1000000.0,1000000.0,2018-08-31T12:51:52.299000Z
617,1.16364,1.16365,1500000.0,1000000.0,2018-08-31T12:51:52.974000Z
618,1.16363,1.16365,3640000.1049,1000000.0,2018-08-31T12:51:53.760000Z
619,1.16363,1.16364,3559999.9428,1250000.0,2018-08-31T12:51:57.854000Z
620,1.1636,1.16363,4610000.1335,1000000.0,2018-08-31T12:51:57.957000Z
621,1.16363,1.16364,1000000.0,1000000.0,2018-08-31T12:51:58.061000Z
622,1.16363,1.16365,1870000.0048,1120000.0048,2018-08-31T12:51:58.577000Z
623,1.16363,1.16365,1000000.0,3559999.9428,2018-08-31T12:52:01.667000Z
624,1.16361,1.16365,4309999.9428,4500000.0,2018-08-31T12:52:01.775000Z
625,1.1636,1.16362,15069999.6948,1000000.0,2018-08-31T12:52:02.272000Z
626,1.16358,1.1636,2250000.0,2440000.0572,2018-08-31T12:52:02.324000Z
627,1.1635600000000001,1.1635700000000002,2059999.9428,1500000.0,2018-08-31T12:52:02.376000Z
628,1.16353,1.1635700000000002,1190000.0572,6000000.0,2018-08-31T12:52:02.539000Z
629,1.16353,1.1635600000000001,3940000.0572,1000000.0,2018-08-31T12:52:03.229000Z
630,1.16353,1.1635700000000002,1190000.0572,3000000.0,2018-08-31T12:52:03.773000Z
631,1.16352,1.1635600000000001,6260000.2289,1000000.0,2018-08-31T12:52:05.259000Z
632,1.16352,1.16353,1100000.0238,1000000.0,2018-08-31T12:52:05.366000Z
633,1.1635,1.16352,1000000.0,2059999.9428,2018-08-31T12:52:05.472000Z
634,1.16351,1.16352,1000000.0,2250000.0,2018-08-31T12:52:05.988000Z
635,1.1635,1.16352,6000000.0,1000000.0,2018-08-31T12:52:06.610000Z
636,1.16349,1.16351,1000000.0,13720000.267,2018-08-31T12:52:07.185000Z
637,1.1634600000000002,1.1634700000000002,1000000.0,1000000.0,2018-08-31T12:52:07.291000Z
638,1.16344,1.16348,1120000.0048,5139999.8665,2018-08-31T12:52:07.425000Z
639,1.1634600000000002,1.1634700000000002,1000000.0,1000000.0,2018-08-31T12:52:07.479000Z
640,1.1635,1.16352,1000000.0,1389999.9857,2018-08-31T12:52:07.586000Z
641,1.16348,1.16352,4119999.8856,3190000.0572,2018-08-31T12:52:08.213000Z
642,1.16348,1.1635,1309999.9428,1309999.9428,2018-08-31T12:52:08.470000Z
643,1.16345,1.16348,1500000.0,3450000.0477,2018-08-31T12:52:08.603000Z
644,1.1634600000000002,1.1635,3000000.0,2619999.8856,2018-08-31T12:52:09.033000Z
645,1.16348,1.16352,5250000.0,5619999.8856,2018-08-31T12:52:09.142000Z
646,1.16349,1.16352,1000000.0,3000000.0,2018-08-31T12:52:09.857000Z
647,1.1634700000000002,1.16351,6000000.0,1309999.9428,2018-08-31T12:52:11.309000Z
648,1.1634600000000002,1.1635,1570000.0525,1570000.0525,2018-08-31T12:52:11.477000Z
649,1.1634600000000002,1.16348,1120000.0048,1250000.0,2018-08-31T12:52:11.884000Z
650,1.16344,1.1634700000000002,1870000.0048,1250000.0,2018-08-31T12:52:11.988000Z
651,1.1634600000000002,1.16349,5250000.0,2890000.1049,2018-08-31T12:52:13.527000Z
652,1.1634600000000002,1.1635,6190000.0572,1190000.0572,2018-08-31T12:52:14.059000Z
653,1.16345,1.1634700000000002,4869999.8856,1000000.0,2018-08-31T12:52:14.433000Z
654,1.16344,1.1634600000000002,1000000.0,1000000.0,2018-08-31T12:52:14.960000Z
655,1.1634200000000001,1.16344,1120000.0048,2619999.8856,2018-08-31T12:52:15.830000Z
656,1.1634,1.16343,3750000.0,1389999.9857,2018-08-31T12:52:16.106000Z
657,1.1634200000000001,1.16344,2440000.0572,1000000.0,2018-08-31T12:52:16.160000Z
658,1.16343,1.1634700000000002,2440000.0572,4500000.0,2018-08-31T12:52:16.266000Z
659,1.16341,1.1634200000000001,1950000.0477,2250000.0,2018-08-31T12:52:16.374000Z
660,1.16339,1.1634200000000001,1000000.0,2440000.0572,2018-08-31T12:52:16.482000Z
661,1.16339,1.1634200000000001,1000000.0,3640000.1049,2018-08-31T12:52:17Z
662,1.16338,1.16341,1309999.9428,1950000.0477,2018-08-31T12:52:17.506000Z
663,1.16338,1.1634200000000001,2440000.0572,2809999.9428,2018-08-31T12:52:18.154000Z
664,1.16339,1.1634200000000001,2440000.0572,2250000.0,2018-08-31T12:52:18.361000Z
665,1.16338,1.1634200000000001,2059999.9428,3750000.0,2018-08-31T12:52:18.879000Z
666,1.16338,1.1634200000000001,1870000.0048,4119999.8856,2018-08-31T12:52:19.754000Z
667,1.16338,1.1634200000000001,2809999.9428,1700000.0477,2018-08-31T12:52:23.589000Z
668,1.1633700000000002,1.1634,4570000.1717,1500000.0,2018-08-31T12:52:24.586000Z
669,1.1633600000000002,1.16339,2619999.8856,1000000.0,2018-08-31T12:52:25.110000Z
670,1.16333,1.1633700000000002,1120000.0048,1870000.0048,2018-08-31T12:52:25.506000Z
671,1.16333,1.1633700000000002,1000000.0,2440000.0572,2018-08-31T12:52:26.383000Z
672,1.16333,1.1633700000000002,1200000.0477,3940000.0572,2018-08-31T12:52:27.492000Z
673,1.16331,1.16334,5059999.9428,1690000.0572,2018-08-31T12:52:27.697000Z
674,1.1633700000000002,1.1634,2319999.9332,1309999.9428,2018-08-31T12:52:28.042000Z
675,1.16335,1.1633700000000002,1000000.0,3190000.0572,2018-08-31T12:52:28.470000Z
676,1.16333,1.1633700000000002,2890000.1049,6190000.0572,2018-08-31T12:52:28.521000Z
677,1.1633200000000001,1.16335,3450000.0477,1250000.0,2018-08-31T12:52:28.675000Z
678,1.16331,1.16334,1100000.0238,3000000.0,2018-08-31T12:52:28.971000Z
679,1.16333,1.16334,1000000.0,1500000.0,2018-08-31T12:52:29.176000Z
680,1.16333,1.16335,1100000.0238,1000000.0,2018-08-31T12:52:29.721000Z
681,1.16333,1.1633700000000002,1000000.0,4690000.0572,2018-08-31T12:52:30.347000Z
682,1.16333,1.1633600000000002,1000000.0,1000000.0,2018-08-31T12:52:30.898000Z
683,1.16333,1.1633600000000002,1000000.0,1190000.0572,2018-08-31T12:52:31.425000Z
684,1.1633,1.16333,2700000.0477,1500000.0,2018-08-31T12:52:31.861000Z
685,1.1633,1.16333,3000000.0,3000000.0,2018-08-31T12:52:31.913000Z
686,1.16331,1.16335,1950000.0477,3000000.0,2018-08-31T12:52:32.172000Z
687,1.16333,1.1633600000000002,1000000.0,1500000.0,2018-08-31T12:52:33.915000Z
688,1.16331,1.16334,5320000.1717,3000000.0,2018-08-31T12:52:34.498000Z
689,1.1633,1.16333,2700000.0477,1500000.0,2018-08-31T12:52:34.552000Z
690,1.1633200000000001,1.16334,1000000.0,4119999.8856,2018-08-31T12:52:34.816000Z
691,1.16333,1.16335,1000000.0,1000000.0,2018-08-31T12:52:34.922000Z
692,1.1633600000000002,1.16339,2660000.0858,1759999.9905,2018-08-31T12:52:39.056000Z
693,1.1633700000000002,1.16341,2319999.9332,1870000.0048,2018-08-31T12:52:39.165000Z
694,1.16338,1.1634200000000001,1759999.9905,8699999.8093,2018-08-31T12:52:39.758000Z
695,1.1634,1.16343,1309999.9428,4199999.8093,2018-08-31T12:52:39.811000Z
696,1.16338,1.16341,3640000.1049,1000000.0,2018-08-31T12:52:39.968000Z
697,1.16338,1.16341,1580000.0429,1120000.0048,2018-08-31T12:52:40.508000Z
698,1.1633700000000002,1.16341,5320000.1717,2809999.9428,2018-08-31T12:52:40.717000Z
699,1.1633700000000002,1.16341,6260000.2289,3559999.9428,2018-08-31T12:52:41.242000Z
700,1.1633700000000002,1.16341,4199999.8093,2440000.0572,2018-08-31T12:52:41.983000Z
701,1.1633700000000002,1.16341,5139999.8665,3559999.9428,2018-08-31T12:52:43.380000Z
702,1.1633700000000002,1.16341,4199999.8093,2809999.9428,2018-08-31T12:52:43.999000Z
703,1.1633700000000002,1.16341,3069999.9332,3750000.0,2018-08-31T12:52:44.540000Z
704,1.16338,1.16341,1000000.0,2250000.0,2018-08-31T12:52:45.061000Z
705,1.16334,1.16335,1120000.0048,7760000.2289,2018-08-31T12:52:45.114000Z
706,1.1633200000000001,1.16333,1000000.0,1120000.0048,2018-08-31T12:52:45.166000Z
707,1.16333,1.1633600000000002,2700000.0477,2250000.0,2018-08-31T12:52:45.686000Z
708,1.1633200000000001,1.16333,3450000.0477,1000000.0,2018-08-31T12:52:45.792000Z
709,1.16333,1.1633600000000002,2619999.8856,1500000.0,2018-08-31T12:52:46.070000Z
710,1.16335,1.1633700000000002,1500000.0,2319999.9332,2018-08-31T12:52:46.535000Z
711,1.16338,1.16339,1000000.0,1120000.0048,2018-08-31T12:52:46.686000Z
712,1.16339,1.16341,2440000.0572,2619999.8856,2018-08-31T12:52:47.160000Z
713,1.1634,1.16343,1120000.0048,3000000.0,2018-08-31T12:52:47.215000Z
714,1.1634200000000001,1.16343,1000000.0,1000000.0,2018-08-31T12:52:47.298000Z
715,1.1634200000000001,1.1634600000000002,3519999.9809,12359999.6567,2018-08-31T12:52:47.455000Z
716,1.1634200000000001,1.1634600000000002,1000000.0,8060000.4196,2018-08-31T12:52:47.959000Z
717,1.1634200000000001,1.1634600000000002,1250000.0,4690000.0572,2018-08-31T12:52:48.672000Z
718,1.16345,1.1634600000000002,1000000.0,1000000.0,2018-08-31T12:52:48.913000Z
719,1.16358,1.1635900000000001,1690000.0572,2250000.0,2018-08-31T12:52:49.233000Z
720,1.16358,1.16362,1570000.0525,3000000.0,2018-08-31T12:52:49.353000Z
721,1.16362,1.16363,1690000.0572,2849999.9046,2018-08-31T12:52:49.459000Z
722,1.16363,1.1636700000000002,2509999.9905,2319999.9332,2018-08-31T12:52:49.618000Z
723,1.16363,1.1636600000000001,1570000.0525,1500000.0,2018-08-31T12:52:49.829000Z
724,1.16363,1.1636700000000002,2700000.0477,1870000.0048,2018-08-31T12:52:50.140000Z
725,1.16364,1.16368,1200000.0477,5619999.8856,2018-08-31T12:52:50.641000Z
726,1.1636900000000001,1.1637,1500000.0,1100000.0238,2018-08-31T12:52:50.744000Z
727,1.1637,1.16372,1000000.0,1000000.0,2018-08-31T12:52:50.847000Z
728,1.16368,1.1637,1950000.0477,1120000.0048,2018-08-31T12:52:51.536000Z
729,1.1636700000000002,1.16371,2140000.1049,2059999.9428,2018-08-31T12:52:51.588000Z
730,1.1636900000000001,1.16373,1200000.0477,4500000.0,2018-08-31T12:52:51.759000Z
731,1.1636900000000001,1.16373,1570000.0525,1309999.9428,2018-08-31T12:52:52.321000Z
732,1.1636900000000001,1.16373,2319999.9332,3109999.8951,2018-08-31T12:52:52.850000Z
733,1.1636900000000001,1.16373,1570000.0525,3670000.0763,2018-08-31T12:52:53.721000Z
734,1.1636900000000001,1.16373,1570000.0525,4420000.0763,2018-08-31T12:52:54.390000Z
735,1.16373,1.16375,1500000.0,1500000.0,2018-08-31T12:52:54.706000Z
736,1.1637,1.16373,1500000.0,1190000.0572,2018-08-31T12:52:55.010000Z
737,1.1637,1.16372,1000000.0,2059999.9428,2018-08-31T12:52:55.572000Z
738,1.1637,1.16372,1200000.0477,2440000.0572,2018-08-31T12:52:56.096000Z
739,1.16373,1.16374,1120000.0048,2250000.0,2018-08-31T12:52:56.467000Z
740,1.16375,1.1637700000000002,1120000.0048,1000000.0,2018-08-31T12:52:56.627000Z
741,1.16374,1.1637600000000001,1120000.0048,2440000.0572,2018-08-31T12:52:56.996000Z
742,1.16374,1.1637600000000001,1000000.0,3190000.0572,2018-08-31T12:52:57.512000Z
743,1.16373,1.1637700000000002,2140000.1049,3369999.8856,2018-08-31T12:52:58.075000Z
744,1.16373,1.1637700000000002,3819999.9332,5440000.0572,2018-08-31T12:52:58.843000Z
745,1.16375,1.1637700000000002,1100000.0238,4690000.0572,2018-08-31T12:52:59.393000Z
746,1.16379,1.16381,2619999.8856,1950000.0477,2018-08-31T12:52:59.695000Z
747,1.1638,1.16382,1000000.0,3000000.0,2018-08-31T12:52:59.746000Z
748,1.16381,1.16384,1120000.0048,4500000.0,2018-08-31T12:52:59.901000Z
749,1.1638,1.16383,2319999.9332,1000000.0,2018-08-31T12:53:00.126000Z
750,1.1638,1.16383,1000000.0,1370000.0048,2018-08-31T12:53:00.457000Z
751,1.1638,1.16383,1000000.0,1120000.0048,2018-08-31T12:53:00.508000Z
752,1.16379,1.16381,1100000.0238,5809999.9428,2018-08-31T12:53:00.814000Z
753,1.1637700000000002,1.16379,1200000.0477,3000000.0,2018-08-31T12:53:01.003000Z
754,1.1638,1.16383,2619999.8856,1500000.0,2018-08-31T12:53:01.057000Z
755,1.1638,1.16384,1000000.0,7119999.8856,2018-08-31T12:53:01.111000Z
756,1.1638,1.16383,1500000.0,1690000.0572,2018-08-31T12:53:01.269000Z
757,1.16379,1.16383,1950000.0477,3000000.0,2018-08-31T12:53:01.779000Z
758,1.1637700000000002,1.1638,1759999.9905,1690000.0572,2018-08-31T12:53:02.203000Z
759,1.1637600000000001,1.16379,1009999.9905,1250000.0,2018-08-31T12:53:02.453000Z
760,1.16378,1.1638,1690000.0572,1120000.0048,2018-08-31T12:53:02.507000Z
761,1.16379,1.16383,1100000.0238,2440000.0572,2018-08-31T12:53:02.611000Z
762,1.16379,1.16383,1200000.0477,5139999.8665,2018-08-31T12:53:03.388000Z
763,1.16379,1.16383,1200000.0477,2890000.1049,2018-08-31T12:53:03.892000Z
764,1.16379,1.16383,1120000.0048,3190000.0572,2018-08-31T12:53:04.470000Z
765,1.16379,1.16383,1100000.0238,1870000.0048,2018-08-31T12:53:04.860000Z
766,1.16379,1.16383,1570000.0525,2509999.9905,2018-08-31T12:53:05.013000Z
767,1.16379,1.16383,1000000.0,5440000.0572,2018-08-31T12:53:05.663000Z
768,1.16379,1.16382,1000000.0,1690000.0572,2018-08-31T12:53:06.311000Z
769,1.16379,1.16383,1200000.0477,2890000.1049,2018-08-31T12:53:08.163000Z
770,1.16383,1.1638700000000002,1950000.0477,3819999.9332,2018-08-31T12:53:08.483000Z
771,1.16381,1.16383,5360000.1335,1000000.0,2018-08-31T12:53:08.999000Z
772,1.1638,1.16382,1000000.0,2059999.9428,2018-08-31T12:53:09.106000Z
773,1.16379,1.16383,1120000.0048,13760000.2289,2018-08-31T12:53:09.639000Z
774,1.1637700000000002,1.16378,1000000.0,1000000.0,2018-08-31T12:53:09.897000Z
775,1.1637600000000001,1.16378,1000000.0,2809999.9428,2018-08-31T12:53:09.949000Z
776,1.16374,1.1637700000000002,1500000.0,1389999.9857,2018-08-31T12:53:10.112000Z
777,1.16375,1.16379,3559999.9428,1950000.0477,2018-08-31T12:53:10.218000Z
778,1.1637700000000002,1.16381,1500000.0,6559999.9428,2018-08-31T12:53:10.752000Z
779,1.1637600000000001,1.16381,3940000.0572,5510000.2289,2018-08-31T12:53:11.868000Z
780,1.1637700000000002,1.16381,1000000.0,4199999.8093,2018-08-31T12:53:12.394000Z
781,1.1637700000000002,1.16381,1500000.0,1870000.0048,2018-08-31T12:53:13.242000Z
782,1.16379,1.16381,1000000.0,1120000.0048,2018-08-31T12:53:13.559000Z
783,1.1637600000000001,1.16381,1570000.0525,17250000.0,2018-08-31T12:53:13.715000Z
784,1.1637600000000001,1.16379,1000000.0,2890000.1049,2018-08-31T12:53:14.403000Z
785,1.16374,1.16378,1000000.0,10199999.8093,2018-08-31T12:53:14.509000Z
786,1.16375,1.1637600000000001,1000000.0,1120000.0048,2018-08-31T12:53:16.081000Z
787,1.16373,1.1637700000000002,1000000.0,6000000.0,2018-08-31T12:53:19.247000Z
788,1.16373,1.1637700000000002,1000000.0,3000000.0,2018-08-31T12:53:19.789000Z
789,1.16373,1.1637700000000002,1000000.0,3000000.0,2018-08-31T12:53:20.562000Z
790,1.16372,1.16373,1000000.0,1250000.0,2018-08-31T12:53:21.078000Z
791,1.16365,1.16368,2619999.8856,1570000.0525,2018-08-31T12:53:21.243000Z
792,1.16365,1.1636700000000002,1000000.0,3000000.0,2018-08-31T12:53:21.768000Z
793,1.1636600000000001,1.16368,1000000.0,1120000.0048,2018-08-31T12:53:22.892000Z
794,1.16368,1.1636900000000001,1000000.0,1100000.0238,2018-08-31T12:53:22.944000Z
795,1.16368,1.1637,1000000.0,1000000.0,2018-08-31T12:53:23.608000Z
796,1.1636900000000001,1.16371,1000000.0,1120000.0048,2018-08-31T12:53:27.796000Z
797,1.1637,1.16372,1000000.0,1870000.0048,2018-08-31T12:53:30.818000Z
798,1.1636900000000001,1.16372,1000000.0,4690000.0572,2018-08-31T12:53:30.976000Z
799,1.16368,1.1636900000000001,1000000.0,1000000.0,2018-08-31T12:53:31.029000Z
800,1.16368,1.16371,1000000.0,7010000.2289,2018-08-31T12:53:31.083000Z
801,1.1636700000000002,1.1637,1000000.0,1200000.0477,2018-08-31T12:53:31.619000Z
802,1.1636600000000001,1.16368,2250000.0,1000000.0,2018-08-31T12:53:37.798000Z
803,1.16358,1.1636,1500000.0,1000000.0,2018-08-31T12:53:38.140000Z
804,1.1635600000000001,1.1636,1539999.9619,1000000.0,2018-08-31T12:53:38.244000Z
805,1.1635600000000001,1.1635900000000001,2470000.0286,1690000.0572,2018-08-31T12:53:41.127000Z
806,1.16355,1.1635700000000002,2250000.0,1000000.0,2018-08-31T12:53:43.388000Z
807,1.16355,1.16358,1000000.0,1570000.0525,2018-08-31T12:53:43.759000Z
808,1.1635600000000001,1.16358,1500000.0,1000000.0,2018-08-31T12:53:44.281000Z
809,1.1635600000000001,1.16358,1690000.0572,1000000.0,2018-08-31T12:53:44.991000Z
810,1.1635600000000001,1.1636,7159999.8474,4119999.8856,2018-08-31T12:53:45.501000Z
811,1.1635600000000001,1.1636,3559999.9428,2250000.0,2018-08-31T12:53:47.242000Z
812,1.16354,1.1635700000000002,4760000.2289,1500000.0,2018-08-31T12:53:47.802000Z
813,1.16354,1.1635700000000002,1000000.0,3750000.0,2018-08-31T12:53:48.330000Z
814,1.16354,1.1635600000000001,1000000.0,1000000.0,2018-08-31T12:53:48.967000Z
815,1.16352,1.16355,1570000.0525,2250000.0,2018-08-31T12:53:50.835000Z
816,1.1635,1.16352,4760000.2289,2250000.0,2018-08-31T12:53:50.982000Z
817,1.16349,1.16352,2250000.0,3750000.0,2018-08-31T12:53:51.034000Z
818,1.16351,1.16354,1000000.0,2619999.8856,2018-08-31T12:53:51.242000Z
819,1.16352,1.1635600000000001,3039999.9619,2619999.8856,2018-08-31T12:53:51.448000Z
820,1.16352,1.1635600000000001,5469999.7902,2059999.9428,2018-08-31T12:53:51.977000Z
821,1.16354,1.1635600000000001,1000000.0,2059999.9428,2018-08-31T12:53:52.663000Z
822,1.16352,1.1635600000000001,1350000.0238,8140000.3433,2018-08-31T12:53:57.727000Z
823,1.16351,1.16355,3220000.0286,2250000.0,2018-08-31T12:53:58.288000Z
824,1.16352,1.16355,5250000.0,1000000.0,2018-08-31T12:53:58.891000Z
825,1.16355,1.1635600000000001,1690000.0572,1250000.0,2018-08-31T12:53:59.407000Z
826,1.1635700000000002,1.1635900000000001,2059999.9428,1000000.0,2018-08-31T12:53:59.621000Z
827,1.16358,1.16361,1000000.0,1500000.0,2018-08-31T12:53:59.674000Z
828,1.1635600000000001,1.1636,2099999.9046,1870000.0048,2018-08-31T12:53:59.778000Z
829,1.1635700000000002,1.1635900000000001,1000000.0,1000000.0,2018-08-31T12:54:00.334000Z
830,1.1635700000000002,1.1636,1000000.0,1200000.0477,2018-08-31T12:54:02.363000Z
831,1.16358,1.16361,1000000.0,2700000.0477,2018-08-31T12:54:02.878000Z
832,1.1635700000000002,1.1636,1000000.0,2700000.0477,2018-08-31T12:54:06.453000Z
833,1.1635700000000002,1.1636,1250000.0,1570000.0525,2018-08-31T12:54:07.233000Z
834,1.1635700000000002,1.1636,1000000.0,3069999.9332,2018-08-31T12:54:08.444000Z
835,1.1635600000000001,1.1635900000000001,1690000.0572,1000000.0,2018-08-31T12:54:08.980000Z
836,1.1635600000000001,1.1635700000000002,1000000.0,1000000.0,2018-08-31T12:54:10.964000Z
837,1.16354,1.1635600000000001,1000000.0,1500000.0,2018-08-31T12:54:11.108000Z
838,1.16352,1.16354,1000000.0,1000000.0,2018-08-31T12:54:14.383000Z
839,1.16352,1.16355,1200000.0477,2619999.8856,2018-08-31T12:54:14.944000Z
840,1.16352,1.16354,1500000.0,1000000.0,2018-08-31T12:54:15.501000Z
841,1.1634700000000002,1.16349,1100000.0238,3369999.8856,2018-08-31T12:54:15.807000Z
842,1.16344,1.1634700000000002,1000000.0,3000000.0,2018-08-31T12:54:15.910000Z
843,1.16343,1.1634700000000002,1870000.0048,2619999.8856,2018-08-31T12:54:19.358000Z
844,1.1634600000000002,1.16348,3220000.0286,1870000.0048,2018-08-31T12:54:19.664000Z
845,1.16348,1.16351,3000000.0,1120000.0048,2018-08-31T12:54:19.821000Z
846,1.16352,1.16354,2720000.0286,4949999.8093,2018-08-31T12:54:21.831000Z
847,1.1635600000000001,1.16358,3220000.0286,2250000.0,2018-08-31T12:54:21.963000Z
848,1.16358,1.1636,1000000.0,1000000.0,2018-08-31T12:54:22.129000Z
849,1.16358,1.16361,1000000.0,1000000.0,2018-08-31T12:54:23.291000Z
850,1.16358,1.1636,1000000.0,1000000.0,2018-08-31T12:54:27.094000Z
851,1.16358,1.16361,1000000.0,3000000.0,2018-08-31T12:54:27.647000Z
852,1.16362,1.16363,1120000.0048,1100000.0238,2018-08-31T12:54:30.654000Z
853,1.16364,1.1636600000000001,1690000.0572,3369999.8856,2018-08-31T12:54:30.761000Z
854,1.16368,1.1636900000000001,1250000.0,5699999.8093,2018-08-31T12:54:30.868000Z
855,1.1636900000000001,1.16371,1000000.0,1570000.0525,2018-08-31T12:54:31.003000Z
856,1.1636700000000002,1.1637,1870000.0048,1190000.0572,2018-08-31T12:54:31.157000Z
857,1.1636700000000002,1.16371,1870000.0048,1120000.0048,2018-08-31T12:54:31.260000Z
858,1.1636700000000002,1.16371,2509999.9905,2319999.9332,2018-08-31T12:54:31.808000Z
859,1.1636700000000002,1.16371,1250000.0,3069999.9332,2018-08-31T12:54:32.865000Z
860,1.1636700000000002,1.16371,2059999.9428,2250000.0,2018-08-31T12:54:34.246000Z
861,1.1636700000000002,1.16371,3259999.9905,1500000.0,2018-08-31T12:54:34.851000Z
862,1.1636700000000002,1.1637,1000000.0,1000000.0,2018-08-31T12:54:35.383000Z
863,1.16372,1.16374,3109999.8951,1120000.0048,2018-08-31T12:54:37.707000Z
864,1.16382,1.16385,3000000.0,1620000.0048,2018-08-31T12:54:37.880000Z
865,1.16381,1.16383,1500000.0,1690000.0572,2018-08-31T12:54:38.146000Z
866,1.16381,1.16385,2890000.1049,3940000.0572,2018-08-31T12:54:38.508000Z
867,1.16381,1.16385,1450000.0477,4309999.9428,2018-08-31T12:54:39.326000Z
868,1.16381,1.16383,1100000.0238,4500000.0,2018-08-31T12:54:39.480000Z
869,1.16379,1.16383,1200000.0477,5619999.8856,2018-08-31T12:54:39.583000Z
870,1.16379,1.16383,1200000.0477,5809999.9428,2018-08-31T12:54:39.755000Z
871,1.1637700000000002,1.16379,1570000.0525,1370000.0048,2018-08-31T12:54:40.244000Z
872,1.16375,1.1637700000000002,1120000.0048,1120000.0048,2018-08-31T12:54:40.351000Z
873,1.16375,1.1637700000000002,1000000.0,3940000.0572,2018-08-31T12:54:40.887000Z
874,1.16372,1.1637600000000001,1389999.9857,1120000.0048,2018-08-31T12:54:41.093000Z
875,1.16374,1.1637600000000001,1000000.0,1000000.0,2018-08-31T12:54:41.350000Z
876,1.16374,1.16375,1000000.0,1120000.0048,2018-08-31T12:54:41.925000Z
877,1.16372,1.16375,1200000.0477,1870000.0048,2018-08-31T12:54:42.083000Z
878,1.16372,1.1637600000000001,1200000.0477,1950000.0477,2018-08-31T12:54:42.912000Z
879,1.16375,1.1637600000000001,1309999.9428,1870000.0048,2018-08-31T12:54:43.119000Z
880,1.16383,1.1638700000000002,1120000.0048,5809999.9428,2018-08-31T12:54:43.433000Z
881,1.1638700000000002,1.16388,1870000.0048,1870000.0048,2018-08-31T12:54:43.487000Z
882,1.16389,1.16391,1000000.0,2250000.0,2018-08-31T12:54:43.596000Z
883,1.16389,1.16392,1000000.0,4869999.8856,2018-08-31T12:54:44.143000Z
884,1.16389,1.16391,1500000.0,1500000.0,2018-08-31T12:54:44.663000Z
885,1.16388,1.16389,2440000.0572,1000000.0,2018-08-31T12:54:44.825000Z
886,1.16389,1.16393,3069999.9332,3369999.8856,2018-08-31T12:54:45.043000Z
887,1.16393,1.16394,1000000.0,2619999.8856,2018-08-31T12:54:45.637000Z
888,1.16393,1.16395,1000000.0,1000000.0,2018-08-31T12:54:45.804000Z
889,1.16391,1.16395,1500000.0,4500000.0,2018-08-31T12:54:48.034000Z
890,1.16389,1.16392,1500000.0,1000000.0,2018-08-31T12:54:48.275000Z
891,1.16388,1.16392,4500000.0,1370000.0048,2018-08-31T12:54:48.793000Z
892,1.16388,1.16392,1500000.0,1500000.0,2018-08-31T12:54:49.336000Z
893,1.16388,1.16392,1690000.0572,2250000.0,2018-08-31T12:54:50.381000Z
894,1.16384,1.1638700000000002,2250000.0,1000000.0,2018-08-31T12:54:50.663000Z
895,1.16385,1.1638700000000002,1500000.0,2619999.8856,2018-08-31T12:54:51.620000Z
896,1.16383,1.1638700000000002,2809999.9428,2250000.0,2018-08-31T12:54:51.673000Z
897,1.16384,1.1638700000000002,1000000.0,2619999.8856,2018-08-31T12:54:52.759000Z
898,1.1638600000000001,1.16388,4409999.8474,3750000.0,2018-08-31T12:54:53.296000Z
899,1.1639000000000002,1.16392,2250000.0,2700000.0477,2018-08-31T12:54:53.452000Z
900,1.16391,1.16392,1000000.0,1500000.0,2018-08-31T12:54:53.978000Z
901,1.1639000000000002,1.16392,1309999.9428,1870000.0048,2018-08-31T12:54:54.490000Z
902,1.16389,1.16391,1690000.0572,1000000.0,2018-08-31T12:54:54.999000Z
903,1.16389,1.16392,1250000.0,2440000.0572,2018-08-31T12:54:55.537000Z
904,1.16389,1.16393,1000000.0,6449999.8093,2018-08-31T12:54:56.075000Z
905,1.16389,1.16391,1000000.0,1000000.0,2018-08-31T12:54:56.228000Z
906,1.16389,1.16392,2059999.9428,1000000.0,2018-08-31T12:54:56.788000Z
907,1.16389,1.16392,3190000.0572,1870000.0048,2018-08-31T12:54:57.305000Z
908,1.16389,1.16391,1250000.0,2250000.0,2018-08-31T12:54:57.826000Z
909,1.1638700000000002,1.16389,1000000.0,1000000.0,2018-08-31T12:54:58.495000Z
910,1.1638600000000001,1.1639000000000002,3190000.0572,3000000.0,2018-08-31T12:54:59.082000Z
911,1.1638700000000002,1.1639000000000002,1250000.0,2250000.0,2018-08-31T12:54:59.629000Z
912,1.1638700000000002,1.1639000000000002,3559999.9428,1500000.0,2018-08-31T12:55:00.137000Z
913,1.1638600000000001,1.16388,4760000.2289,1000000.0,2018-08-31T12:55:00.572000Z
914,1.16384,1.1638700000000002,1250000.0,2619999.8856,2018-08-31T12:55:00.895000Z
915,1.16383,1.1638600000000001,6940000.0572,1000000.0,2018-08-31T12:55:01.826000Z
916,1.16383,1.1638700000000002,4690000.0572,2619999.8856,2018-08-31T12:55:02.396000Z
917,1.16385,1.1638600000000001,1539999.9619,1250000.0,2018-08-31T12:55:03.158000Z
918,1.1638600000000001,1.16388,5289999.9619,1200000.0477,2018-08-31T12:55:03.210000Z
919,1.16388,1.1639000000000002,2250000.0,1500000.0,2018-08-31T12:55:03.416000Z
920,1.1638700000000002,1.1639000000000002,3789999.9619,2250000.0,2018-08-31T12:55:04.265000Z
921,1.1638700000000002,1.16391,8140000.3433,3819999.9332,2018-08-31T12:55:07.779000Z
922,1.1639000000000002,1.16392,1000000.0,4119999.8856,2018-08-31T12:55:08.253000Z
923,1.16399,1.16402,1309999.9428,3450000.0477,2018-08-31T12:55:08.560000Z
924,1.16399,1.16403,4349999.9046,10119999.8856,2018-08-31T12:55:08.614000Z
925,1.16399,1.16401,6219999.7902,1000000.0,2018-08-31T12:55:08.667000Z
926,1.1640000000000001,1.16403,1500000.0,2250000.0,2018-08-31T12:55:08.772000Z
927,1.1640000000000001,1.16402,2250000.0,1000000.0,2018-08-31T12:55:09.276000Z
928,1.1640000000000001,1.16403,1500000.0,3069999.9332,2018-08-31T12:55:09.815000Z
929,1.16401,1.16402,1000000.0,1000000.0,2018-08-31T12:55:10.358000Z
930,1.16396,1.16399,3450000.0477,1000000.0,2018-08-31T12:55:11.125000Z
931,1.16396,1.16398,1120000.0048,1120000.0048,2018-08-31T12:55:11.229000Z
932,1.16395,1.1639700000000002,1000000.0,1000000.0,2018-08-31T12:55:12.092000Z
933,1.16393,1.16396,1500000.0,1120000.0048,2018-08-31T12:55:12.145000Z
934,1.16394,1.16396,1000000.0,2700000.0477,2018-08-31T12:55:12.660000Z
935,1.16395,1.16398,1500000.0,3819999.9332,2018-08-31T12:55:13.090000Z
936,1.16395,1.16398,1000000.0,3890000.1049,2018-08-31T12:55:14.367000Z
937,1.16393,1.16398,3000000.0,4500000.0,2018-08-31T12:55:14.900000Z
938,1.16393,1.16398,3369999.8856,11010000.2289,2018-08-31T12:55:15.417000Z
939,1.1639700000000002,1.16399,1500000.0,1950000.0477,2018-08-31T12:55:16.597000Z
940,1.1640000000000001,1.16402,2250000.0,1000000.0,2018-08-31T12:55:16.903000Z
941,1.1640000000000001,1.16402,1000000.0,1500000.0,2018-08-31T12:55:18.241000Z
942,1.1639700000000002,1.1640000000000001,3000000.0,1120000.0048,2018-08-31T12:55:18.655000Z
943,1.16399,1.16401,1000000.0,1690000.0572,2018-08-31T12:55:18.809000Z
944,1.16399,1.16403,2619999.8856,2440000.0572,2018-08-31T12:55:19.795000Z
945,1.16402,1.16403,1000000.0,1000000.0,2018-08-31T12:55:20.172000Z
946,1.1640000000000001,1.16404,3000000.0,1250000.0,2018-08-31T12:55:20.326000Z
947,1.16399,1.16403,1000000.0,3559999.9428,2018-08-31T12:55:20.838000Z
948,1.16398,1.16402,1500000.0,2440000.0572,2018-08-31T12:55:23.023000Z
949,1.16398,1.16402,1690000.0572,3369999.8856,2018-08-31T12:55:23.689000Z
950,1.16399,1.16402,1500000.0,3190000.0572,2018-08-31T12:55:24.223000Z
951,1.16398,1.16402,3750000.0,5440000.0572,2018-08-31T12:55:24.756000Z
952,1.1639700000000002,1.16399,3819999.9332,1250000.0,2018-08-31T12:55:25.383000Z
953,1.16393,1.1639700000000002,9069999.6948,2250000.0,2018-08-31T12:55:25.490000Z
954,1.1639700000000002,1.16399,1500000.0,4389999.8665,2018-08-31T12:55:25.805000Z
955,1.16396,1.16399,1120000.0048,1389999.9857,2018-08-31T12:55:26.352000Z
956,1.16395,1.16399,4570000.1717,3819999.9332,2018-08-31T12:55:26.909000Z
957,1.16395,1.1639700000000002,2059999.9428,2809999.9428,2018-08-31T12:55:27.285000Z
958,1.16393,1.1639700000000002,3819999.9332,5889999.8665,2018-08-31T12:55:28.651000Z
959,1.16393,1.1639700000000002,4199999.8093,4570000.1717,2018-08-31T12:55:29.186000Z
960,1.16393,1.1639700000000002,3819999.9332,3450000.0477,2018-08-31T12:55:29.834000Z
961,1.16393,1.1639700000000002,1200000.0477,3069999.9332,2018-08-31T12:55:30.586000Z
962,1.16394,1.1639700000000002,1870000.0048,3450000.0477,2018-08-31T12:55:33.142000Z
963,1.16393,1.16394,1000000.0,1120000.0048,2018-08-31T12:55:35.327000Z
964,1.16396,1.16399,1500000.0,2000000.0,2018-08-31T12:55:35.643000Z
965,1.16396,1.16399,1500000.0,1690000.0572,2018-08-31T12:55:35.747000Z
966,1.16395,1.1639700000000002,1500000.0,1190000.0572,2018-08-31T12:55:35.965000Z
967,1.16394,1.16396,1000000.0,1120000.0048,2018-08-31T12:55:36.478000Z
968,1.16394,1.1639700000000002,1000000.0,2059999.9428,2018-08-31T12:55:38.473000Z
969,1.16396,1.16398,3000000.0,1000000.0,2018-08-31T12:55:38.788000Z
970,1.16394,1.1639700000000002,1000000.0,1500000.0,2018-08-31T12:55:38.951000Z
971,1.16394,1.1639700000000002,1000000.0,5059999.9428,2018-08-31T12:55:40.196000Z
972,1.16392,1.16393,1120000.0048,1000000.0,2018-08-31T12:55:40.713000Z
973,1.16392,1.16395,1870000.0048,1570000.0525,2018-08-31T12:55:40.871000Z
974,1.16394,1.16395,1000000.0,1000000.0,2018-08-31T12:55:41.029000Z
975,1.16393,1.16396,3819999.9332,1000000.0,2018-08-31T12:55:41.577000Z
976,1.16394,1.16396,1500000.0,1000000.0,2018-08-31T12:55:42.333000Z
977,1.16391,1.16395,2700000.0477,1120000.0048,2018-08-31T12:55:42.605000Z
978,1.16393,1.16395,1000000.0,1000000.0,2018-08-31T12:55:42.711000Z
979,1.16394,1.16395,1000000.0,1000000.0,2018-08-31T12:55:43.438000Z
980,1.16393,1.16395,2700000.0477,1000000.0,2018-08-31T12:55:45.682000Z
981,1.16395,1.16396,1500000.0,1000000.0,2018-08-31T12:55:46.096000Z
982,1.16394,1.16396,3190000.0572,1000000.0,2018-08-31T12:55:46.711000Z
983,1.16396,1.1639700000000002,2250000.0,1000000.0,2018-08-31T12:55:47.925000Z
984,1.16394,1.1639700000000002,1870000.0048,1870000.0048,2018-08-31T12:55:48.083000Z
985,1.16399,1.1640000000000001,1250000.0,3000000.0,2018-08-31T12:55:48.290000Z
986,1.16399,1.16401,2250000.0,1000000.0,2018-08-31T12:55:48.485000Z
987,1.16396,1.16398,11140000.3433,2099999.9046,2018-08-31T12:55:50.713000Z
988,1.16396,1.16399,1120000.0048,2849999.9046,2018-08-31T12:55:50.818000Z
989,1.16395,1.1639700000000002,1000000.0,1000000.0,2018-08-31T12:55:50.869000Z
990,1.16393,1.1639700000000002,3940000.0572,1000000.0,2018-08-31T12:55:51.020000Z
991,1.16396,1.16398,2250000.0,1870000.0048,2018-08-31T12:55:51.335000Z
992,1.1639700000000002,1.1640000000000001,1870000.0048,1870000.0048,2018-08-31T12:55:51.489000Z
993,1.16396,1.16399,2059999.9428,2059999.9428,2018-08-31T12:55:52.019000Z
994,1.16399,1.1640000000000001,1000000.0,1000000.0,2018-08-31T12:55:52.428000Z
995,1.16399,1.16402,3750000.0,1120000.0048,2018-08-31T12:55:52.585000Z
996,1.1640000000000001,1.16402,1000000.0,1870000.0048,2018-08-31T12:55:53.152000Z
997,1.16399,1.16403,2250000.0,2890000.1049,2018-08-31T12:55:53.661000Z
998,1.16399,1.16401,1500000.0,1120000.0048,2018-08-31T12:55:55.429000Z
999,1.16398,1.1640000000000001,1870000.0048,1000000.0,2018-08-31T12:55:55.969000Z
1000,1.16396,1.16398,2319999.9332,1909999.9666,2018-08-31T12:55:56.023000Z
1001,1.16395,1.16396,1000000.0,1120000.0048,2018-08-31T12:55:56.148000Z
1002,1.16393,1.16396,1120000.0048,1120000.0048,2018-08-31T12:55:57.013000Z
1003,1.16393,1.1639700000000002,1000000.0,3000000.0,2018-08-31T12:55:57.636000Z
1004,1.16393,1.1639700000000002,1690000.0572,5250000.0,2018-08-31T12:55:58.159000Z
1005,1.16393,1.1639700000000002,4309999.9428,1870000.0048,2018-08-31T12:55:58.314000Z
1006,1.16394,1.1639700000000002,1500000.0,1120000.0048,2018-08-31T12:55:58.849000Z
1007,1.16395,1.1639700000000002,1000000.0,2250000.0,2018-08-31T12:55:59.541000Z
1008,1.16395,1.16398,6559999.9428,3000000.0,2018-08-31T12:56:00.074000Z
1009,1.1639700000000002,1.16399,1570000.0525,1000000.0,2018-08-31T12:56:00.389000Z
1010,1.1639700000000002,1.16401,1950000.0477,2319999.9332,2018-08-31T12:56:00.495000Z
1011,1.1639700000000002,1.16401,1950000.0477,2319999.9332,2018-08-31T12:56:01.020000Z
1012,1.16398,1.16399,1000000.0,1000000.0,2018-08-31T12:56:03.206000Z
1013,1.16396,1.16399,3940000.0572,1500000.0,2018-08-31T12:56:03.258000Z
1014,1.16394,1.1639700000000002,1500000.0,1500000.0,2018-08-31T12:56:03.362000Z
1015,1.16394,1.1639700000000002,1000000.0,2440000.0572,2018-08-31T12:56:03.902000Z
1016,1.16392,1.16394,8890000.3433,4469999.7902,2018-08-31T12:56:04.477000Z
1017,1.1638700000000002,1.16389,1120000.0048,4909999.8474,2018-08-31T12:56:04.604000Z
1018,1.16385,1.1638700000000002,1000000.0,1000000.0,2018-08-31T12:56:04.657000Z
1019,1.16385,1.1638600000000001,1000000.0,2099999.9046,2018-08-31T12:56:05.289000Z
1020,1.16384,1.1638600000000001,1000000.0,1000000.0,2018-08-31T12:56:05.804000Z
1021,1.16385,1.1638700000000002,1200000.0477,1309999.9428,2018-08-31T12:56:06.355000Z
1022,1.1638700000000002,1.16388,1000000.0,1870000.0048,2018-08-31T12:56:07.181000Z
1023,1.1638700000000002,1.16389,2250000.0,1000000.0,2018-08-31T12:56:07.702000Z
1024,1.16385,1.1638600000000001,4199999.8093,1120000.0048,2018-08-31T12:56:09.817000Z
1025,1.16378,1.1638,1000000.0,1350000.0238,2018-08-31T12:56:09.927000Z
1026,1.1637600000000001,1.1638,4389999.8665,2250000.0,2018-08-31T12:56:10.544000Z
1027,1.1637600000000001,1.16379,2700000.0477,1559999.9428,2018-08-31T12:56:10.993000Z
1028,1.16372,1.16375,5320000.1717,1000000.0,2018-08-31T12:56:11.101000Z
1029,1.16373,1.1637600000000001,1500000.0,2619999.8856,2018-08-31T12:56:11.635000Z
1030,1.16373,1.16375,1500000.0,1870000.0048,2018-08-31T12:56:12.184000Z
1031,1.16371,1.16375,1570000.0525,3369999.8856,2018-08-31T12:56:12.343000Z
1032,1.1637,1.16372,1100000.0238,1000000.0,2018-08-31T12:56:12.601000Z
1033,1.1637600000000001,1.1638,6369999.8856,2549999.9523,2018-08-31T12:56:12.911000Z
1034,1.1637600000000001,1.1638,6070000.1717,3220000.0286,2018-08-31T12:56:13.136000Z
1035,1.1636900000000001,1.1637,1000000.0,1500000.0,2018-08-31T12:56:13.191000Z
1036,1.16365,1.16368,1000000.0,1870000.0048,2018-08-31T12:56:13.299000Z
1037,1.16363,1.1636700000000002,1120000.0048,1000000.0,2018-08-31T12:56:13.717000Z
1038,1.16363,1.1636600000000001,1000000.0,2059999.9428,2018-08-31T12:56:14.241000Z
1039,1.16362,1.1636600000000001,4570000.1717,2809999.9428,2018-08-31T12:56:15.386000Z
1040,1.1636600000000001,1.1636700000000002,1500000.0,1000000.0,2018-08-31T12:56:15.851000Z
1041,1.1636600000000001,1.1636900000000001,3000000.0,1500000.0,2018-08-31T12:56:15.956000Z
1042,1.16364,1.1636700000000002,1120000.0048,1190000.0572,2018-08-31T12:56:16.192000Z
1043,1.16364,1.16368,2619999.8856,4690000.0572,2018-08-31T12:56:16.245000Z
1044,1.16364,1.1636600000000001,1000000.0,1000000.0,2018-08-31T12:56:18.434000Z
1045,1.16362,1.1636600000000001,3069999.9332,4989999.7711,2018-08-31T12:56:18.849000Z
1046,1.16362,1.1636600000000001,2619999.8856,6219999.7902,2018-08-31T12:56:19.795000Z
1047,1.16363,1.16365,1370000.0048,1000000.0,2018-08-31T12:56:20.068000Z
1048,1.1636600000000001,1.1636900000000001,3450000.0477,1690000.0572,2018-08-31T12:56:20.290000Z
1049,1.1636600000000001,1.1636900000000001,1000000.0,1909999.9666,2018-08-31T12:56:21.157000Z
1050,1.1636600000000001,1.1636900000000001,1000000.0,2170000.0763,2018-08-31T12:56:23.500000Z
1051,1.1636600000000001,1.16368,1000000.0,1000000.0,2018-08-31T12:56:24.037000Z
1052,1.16365,1.1636700000000002,1000000.0,3559999.9428,2018-08-31T12:56:25.083000Z
1053,1.1636600000000001,1.16368,1000000.0,1350000.0238,2018-08-31T12:56:25.249000Z
1054,1.16365,1.1636600000000001,1000000.0,2250000.0,2018-08-31T12:56:25.460000Z
1055,1.1635700000000002,1.1635900000000001,1500000.0,1250000.0,2018-08-31T12:56:25.632000Z
1056,1.16355,1.16358,1500000.0,3369999.8856,2018-08-31T12:56:25.791000Z
1057,1.1635600000000001,1.16358,1000000.0,2619999.8856,2018-08-31T12:56:25.897000Z
1058,1.1635700000000002,1.1635900000000001,1000000.0,1000000.0,2018-08-31T12:56:26.444000Z
1059,1.16353,1.16355,6070000.1717,2440000.0572,2018-08-31T12:56:27.247000Z
1060,1.1635,1.16352,1500000.0,2700000.0477,2018-08-31T12:56:27.416000Z
1061,1.1634700000000002,1.16351,3450000.0477,4010000.2289,2018-08-31T12:56:27.731000Z
1062,1.16345,1.1634700000000002,1950000.0477,2809999.9428,2018-08-31T12:56:27.890000Z
1063,1.16343,1.1634600000000002,1120000.0048,1500000.0,2018-08-31T12:56:28.033000Z
1064,1.16345,1.1634600000000002,1500000.0,1000000.0,2018-08-31T12:56:28.086000Z
1065,1.1634700000000002,1.1635,3750000.0,1950000.0477,2018-08-31T12:56:28.192000Z
1066,1.16349,1.1635,1000000.0,2440000.0572,2018-08-31T12:56:28.346000Z
1067,1.16355,1.1635600000000001,1500000.0,1500000.0,2018-08-31T12:56:28.658000Z
1068,1.16354,1.16358,5329999.9237,3640000.1049,2018-08-31T12:56:28.869000Z
1069,1.1635700000000002,1.1636,1000000.0,2319999.9332,2018-08-31T12:56:30.288000Z
1070,1.1635700000000002,1.1636,2619999.8856,1100000.0238,2018-08-31T12:56:31.085000Z
1071,1.1635700000000002,1.16361,3819999.9332,4010000.2289,2018-08-31T12:56:31.621000Z
1072,1.1635700000000002,1.16361,3369999.8856,5510000.2289,2018-08-31T12:56:32.163000Z
1073,1.1635600000000001,1.16358,1870000.0048,1000000.0,2018-08-31T12:56:32.658000Z
1074,1.16355,1.1635700000000002,1120000.0048,2250000.0,2018-08-31T12:56:33.174000Z
1075,1.16353,1.1635600000000001,1200000.0477,1000000.0,2018-08-31T12:56:34.230000Z
1076,1.1635,1.16352,6070000.1717,1250000.0,2018-08-31T12:56:36.327000Z
1077,1.16348,1.16351,1870000.0048,3559999.9428,2018-08-31T12:56:36.455000Z
1078,1.16349,1.16351,1570000.0525,1000000.0,2018-08-31T12:56:37.261000Z
1079,1.16352,1.16355,1000000.0,2140000.1049,2018-08-31T12:56:37.776000Z
1080,1.16354,1.1635700000000002,1120000.0048,2059999.9428,2018-08-31T12:56:38.235000Z
1081,1.16354,1.1635600000000001,1000000.0,1000000.0,2018-08-31T12:56:38.774000Z
1082,1.16354,1.1635700000000002,3000000.0,1200000.0477,2018-08-31T12:56:39.307000Z
1083,1.1635600000000001,1.1636,2250000.0,1690000.0572,2018-08-31T12:56:39.614000Z
1084,1.1635600000000001,1.1636,2619999.8856,3559999.9428,2018-08-31T12:56:41.514000Z
1085,1.1635600000000001,1.1636,4690000.0572,2440000.0572,2018-08-31T12:56:42.090000Z
1086,1.1635700000000002,1.1636,1250000.0,3000000.0,2018-08-31T12:56:42.665000Z
1087,1.1635600000000001,1.1636,3940000.0572,2809999.9428,2018-08-31T12:56:43.278000Z
1088,1.1635600000000001,1.1636,6190000.0572,2809999.9428,2018-08-31T12:56:43.940000Z
1089,1.1635600000000001,1.1635900000000001,7690000.0572,1000000.0,2018-08-31T12:56:45.058000Z
1090,1.1636,1.16361,1870000.0048,1120000.0048,2018-08-31T12:56:46.139000Z
1091,1.1635900000000001,1.16362,1000000.0,1200000.0477,2018-08-31T12:56:46.688000Z
1092,1.1635700000000002,1.16361,1200000.0477,6940000.0572,2018-08-31T12:56:47.194000Z
1093,1.16354,1.1635700000000002,3819999.9332,1870000.0048,2018-08-31T12:56:48.694000Z
1094,1.16353,1.1635700000000002,1000000.0,2250000.0,2018-08-31T12:56:48.799000Z
1095,1.16353,1.1635600000000001,1000000.0,1009999.9905,2018-08-31T12:56:49.340000Z
1096,1.16353,1.16355,1000000.0,1000000.0,2018-08-31T12:56:49.911000Z
1097,1.16352,1.1635600000000001,5699999.8093,1309999.9428,2018-08-31T12:56:50.445000Z
1098,1.16355,1.1635700000000002,1000000.0,3369999.8856,2018-08-31T12:56:50.655000Z
1099,1.16355,1.16358,3190000.0572,2140000.1049,2018-08-31T12:56:50.709000Z
1100,1.1635700000000002,1.16361,1690000.0572,2250000.0,2018-08-31T12:56:50.930000Z
1101,1.1635700000000002,1.16361,1309999.9428,1309999.9428,2018-08-31T12:56:51.539000Z
1102,1.1635600000000001,1.16358,1309999.9428,1000000.0,2018-08-31T12:56:51.699000Z
1103,1.16354,1.1635700000000002,1190000.0572,1500000.0,2018-08-31T12:56:51.806000Z
1104,1.16354,1.16358,1309999.9428,3190000.0572,2018-08-31T12:56:52.310000Z
1105,1.16353,1.1635700000000002,1690000.0572,3940000.0572,2018-08-31T12:56:52.822000Z
1106,1.16351,1.16353,1500000.0,1500000.0,2018-08-31T12:56:52.990000Z
1107,1.16351,1.16353,1000000.0,1870000.0048,2018-08-31T12:56:53.506000Z
1108,1.16349,1.16351,1250000.0,1000000.0,2018-08-31T12:56:53.891000Z
1109,1.1634700000000002,1.16351,3640000.1049,4309999.9428,2018-08-31T12:56:53.945000Z
1110,1.1634600000000002,1.16349,2619999.8856,3789999.9619,2018-08-31T12:56:54.102000Z
1111,1.16343,1.1634700000000002,3190000.0572,2250000.0,2018-08-31T12:56:54.328000Z
1112,1.1634200000000001,1.1634600000000002,3819999.9332,1870000.0048,2018-08-31T12:56:54.851000Z
1113,1.1634200000000001,1.16345,1570000.0525,4690000.0572,2018-08-31T12:56:55.193000Z
1114,1.16341,1.1634200000000001,1000000.0,1000000.0,2018-08-31T12:56:55.505000Z
1115,1.1634,1.16343,1570000.0525,1120000.0048,2018-08-31T12:56:56.331000Z
1116,1.16339,1.16343,6260000.2289,1000000.0,2018-08-31T12:56:56.837000Z
1117,1.16345,1.16348,2700000.0477,1000000.0,2018-08-31T12:56:57.169000Z
1118,1.1634600000000002,1.1635,7010000.2289,2809999.9428,2018-08-31T12:56:57.223000Z
1119,1.16348,1.16352,3259999.9905,2059999.9428,2018-08-31T12:56:57.435000Z
1120,1.1634700000000002,1.16351,2700000.0477,6369999.8856,2018-08-31T12:56:57.817000Z
1121,1.16348,1.16351,2250000.0,3000000.0,2018-08-31T12:56:58.359000Z
1122,1.16348,1.16352,2700000.0477,2250000.0,2018-08-31T12:56:58.778000Z
1123,1.16348,1.16352,3259999.9905,3000000.0,2018-08-31T12:56:59.578000Z
1124,1.16348,1.16352,1389999.9857,6710000.0381,2018-08-31T12:57:00.121000Z
1125,1.16349,1.16353,5059999.9428,4199999.8093,2018-08-31T12:57:00.428000Z
1126,1.16352,1.16355,1200000.0477,2619999.8856,2018-08-31T12:57:00.621000Z
1127,1.16351,1.16354,1950000.0477,1370000.0048,2018-08-31T12:57:00.673000Z
1128,1.16351,1.16355,3450000.0477,2250000.0,2018-08-31T12:57:00.779000Z
1129,1.16352,1.16355,3259999.9905,1000000.0,2018-08-31T12:57:01.212000Z
1130,1.16352,1.16355,2700000.0477,1500000.0,2018-08-31T12:57:01.783000Z
1131,1.16352,1.16355,3069999.9332,1120000.0048,2018-08-31T12:57:02.910000Z
1132,1.16352,1.16355,1000000.0,1120000.0048,2018-08-31T12:57:04.184000Z
1133,1.16352,1.1635600000000001,3640000.1049,3859999.8951,2018-08-31T12:57:04.721000Z
1134,1.16355,1.16358,1570000.0525,2250000.0,2018-08-31T12:57:05.028000Z
1135,1.1635700000000002,1.1635900000000001,1500000.0,1570000.0525,2018-08-31T12:57:05.554000Z
1136,1.16354,1.1635700000000002,5320000.1717,1690000.0572,2018-08-31T12:57:08.519000Z
1137,1.16354,1.1635700000000002,4389999.8665,1309999.9428,2018-08-31T12:57:09.192000Z
1138,1.16354,1.1635700000000002,5139999.8665,2059999.9428,2018-08-31T12:57:09.709000Z
1139,1.16354,1.1635700000000002,2890000.1049,1309999.9428,2018-08-31T12:57:10.213000Z
1140,1.16354,1.1635700000000002,1570000.0525,1250000.0,2018-08-31T12:57:10.964000Z
1141,1.16354,1.1635600000000001,1570000.0525,1000000.0,2018-08-31T12:57:11.500000Z
1142,1.16354,1.1635700000000002,1570000.0525,2619999.8856,2018-08-31T12:57:12.038000Z
1143,1.16354,1.1635600000000001,1200000.0477,1000000.0,2018-08-31T12:57:12.877000Z
1144,1.16354,1.1635700000000002,1200000.0477,2619999.8856,2018-08-31T12:57:13.439000Z
1145,1.16354,1.1635700000000002,1200000.0477,3369999.8856,2018-08-31T12:57:14.425000Z
1146,1.16354,1.1635700000000002,1950000.0477,3369999.8856,2018-08-31T12:57:15.111000Z
1147,1.1635600000000001,1.16358,3000000.0,1120000.0048,2018-08-31T12:57:16.724000Z
1148,1.16358,1.1636,2250000.0,4119999.8856,2018-08-31T12:57:17.067000Z
1149,1.1635900000000001,1.1636,1000000.0,1309999.9428,2018-08-31T12:57:17.749000Z
1150,1.1635900000000001,1.16362,5440000.0572,3819999.9332,2018-08-31T12:57:17.803000Z
1151,1.16362,1.16363,1500000.0,2440000.0572,2018-08-31T12:57:17.857000Z
1152,1.16362,1.16364,1500000.0,2019999.9809,2018-08-31T12:57:17.911000Z
1153,1.16363,1.1636600000000001,1500000.0,4309999.9428,2018-08-31T12:57:17.965000Z
1154,1.16363,1.16365,3450000.0477,1120000.0048,2018-08-31T12:57:18.479000Z
1155,1.16364,1.16368,2619999.8856,3190000.0572,2018-08-31T12:57:18.686000Z
1156,1.1636700000000002,1.1636900000000001,1120000.0048,2809999.9428,2018-08-31T12:57:18.739000Z
1157,1.1636600000000001,1.16368,1000000.0,1440000.0572,2018-08-31T12:57:19.070000Z
1158,1.16363,1.1636700000000002,4949999.8093,3369999.8856,2018-08-31T12:57:20.898000Z
1159,1.16362,1.1636600000000001,4590000.1526,2140000.1049,2018-08-31T12:57:21.418000Z
1160,1.16362,1.1636600000000001,4590000.1526,1200000.0477,2018-08-31T12:57:21.934000Z
1161,1.16362,1.1636600000000001,4400000.0954,1000000.0,2018-08-31T12:57:22.464000Z
1162,1.16363,1.1636600000000001,1309999.9428,1309999.9428,2018-08-31T12:57:22.988000Z
1163,1.16361,1.16364,3450000.0477,1250000.0,2018-08-31T12:57:24.752000Z
1164,1.16361,1.16364,4570000.1717,1000000.0,2018-08-31T12:57:25.302000Z
1165,1.16363,1.16365,1000000.0,3559999.9428,2018-08-31T12:57:26.139000Z
1166,1.16361,1.16364,2619999.8856,2619999.8856,2018-08-31T12:57:26.446000Z
1167,1.16363,1.1636600000000001,1000000.0,1120000.0048,2018-08-31T12:57:26.497000Z
1168,1.16363,1.1636700000000002,3819999.9332,4010000.2289,2018-08-31T12:57:27.005000Z
1169,1.16363,1.16364,1000000.0,1500000.0,2018-08-31T12:57:29.540000Z
1170,1.1635700000000002,1.1636,3000000.0,1309999.9428,2018-08-31T12:57:29.647000Z
1171,1.1635900000000001,1.1636,2250000.0,1500000.0,2018-08-31T12:57:29.800000Z
1172,1.16358,1.1635900000000001,1120000.0048,1000000.0,2018-08-31T12:57:30.325000Z
1173,1.16358,1.1636,2619999.8856,1000000.0,2018-08-31T12:57:30.829000Z
1174,1.16361,1.16363,1350000.0238,6340000.1526,2018-08-31T12:57:33.149000Z
1175,1.16358,1.1636,1200000.0477,2250000.0,2018-08-31T12:57:33.309000Z
1176,1.1635700000000002,1.1636,2809999.9428,1000000.0,2018-08-31T12:57:33.885000Z
1177,1.16355,1.16358,10420000.0763,1000000.0,2018-08-31T12:57:34.147000Z
1178,1.1635700000000002,1.1636,1500000.0,3150000.0954,2018-08-31T12:57:34.254000Z
1179,1.16358,1.1636,1500000.0,1950000.0477,2018-08-31T12:57:34.762000Z
1180,1.16358,1.16361,1500000.0,3000000.0,2018-08-31T12:57:36.556000Z
1181,1.1635700000000002,1.16361,4309999.9428,1690000.0572,2018-08-31T12:57:37.074000Z
1182,1.1635700000000002,1.1636,1870000.0048,1000000.0,2018-08-31T12:57:38.811000Z
1183,1.1635700000000002,1.16361,1870000.0048,3750000.0,2018-08-31T12:57:39.496000Z
1184,1.1635700000000002,1.1636,2619999.8856,1000000.0,2018-08-31T12:57:40.264000Z
1185,1.1635700000000002,1.16361,1500000.0,3190000.0572,2018-08-31T12:57:40.775000Z
1186,1.1635700000000002,1.1636,3750000.0,1000000.0,2018-08-31T12:57:41.308000Z
1187,1.16355,1.16358,4760000.2289,1500000.0,2018-08-31T12:57:41.526000Z
1188,1.1635900000000001,1.1636,1000000.0,2250000.0,2018-08-31T12:57:41.993000Z
1189,1.16362,1.16365,3190000.0572,3450000.0477,2018-08-31T12:57:42.099000Z
1190,1.16364,1.1636700000000002,1000000.0,1950000.0477,2018-08-31T12:57:42.237000Z
1191,1.1636600000000001,1.1636900000000001,2809999.9428,4199999.8093,2018-08-31T12:57:42.702000Z
1192,1.16368,1.16371,2059999.9428,5139999.8665,2018-08-31T12:57:42.831000Z
1193,1.1636900000000001,1.16371,1000000.0,1250000.0,2018-08-31T12:57:44.083000Z
1194,1.1636900000000001,1.1637,1000000.0,1500000.0,2018-08-31T12:57:44.919000Z
1195,1.1636700000000002,1.1636900000000001,1000000.0,1870000.0048,2018-08-31T12:57:45.034000Z
1196,1.16365,1.1636700000000002,1200000.0477,2250000.0,2018-08-31T12:57:45.100000Z
1197,1.16364,1.1636700000000002,1120000.0048,2059999.9428,2018-08-31T12:57:45.614000Z
1198,1.16365,1.1636700000000002,3559999.9428,1000000.0,2018-08-31T12:57:48.234000Z
1199,1.16364,1.1636600000000001,1000000.0,1000000.0,2018-08-31T12:57:48.772000Z
1200,1.16364,1.16365,1000000.0,1500000.0,2018-08-31T12:57:49.489000Z
1201,1.16364,1.1636700000000002,1000000.0,6639999.8665,2018-08-31T12:57:50.005000Z
1202,1.1636700000000002,1.1636900000000001,1000000.0,5400000.0954,2018-08-31T12:57:50.112000Z
1203,1.1636600000000001,1.1636700000000002,1000000.0,1000000.0,2018-08-31T12:57:50.482000Z
1204,1.1636700000000002,1.1637,1000000.0,1570000.0525,2018-08-31T12:57:50.534000Z
1205,1.1636700000000002,1.16371,1200000.0477,5889999.8665,2018-08-31T12:57:50.586000Z
1206,1.1636600000000001,1.1636900000000001,3450000.0477,1690000.0572,2018-08-31T12:57:51.616000Z
1207,1.1636700000000002,1.1637,2250000.0,1100000.0238,2018-08-31T12:57:52.634000Z
1208,1.1636900000000001,1.1637,2509999.9905,2619999.8856,2018-08-31T12:57:52.951000Z
1209,1.1636700000000002,1.1637,1950000.0477,1690000.0572,2018-08-31T12:57:53.320000Z
1210,1.16365,1.1636700000000002,5320000.1717,1000000.0,2018-08-31T12:57:53.577000Z
1211,1.16365,1.1636700000000002,1000000.0,5619999.8856,2018-08-31T12:57:55.847000Z
1212,1.16361,1.16363,1950000.0477,1500000.0,2018-08-31T12:57:55.953000Z
1213,1.16364,1.16365,1000000.0,3940000.0572,2018-08-31T12:57:56.006000Z
1214,1.1636700000000002,1.1637,1000000.0,1200000.0477,2018-08-31T12:57:56.307000Z
1215,1.1636900000000001,1.16371,1000000.0,1000000.0,2018-08-31T12:57:56.412000Z
1216,1.1636900000000001,1.16371,1000000.0,3750000.0,2018-08-31T12:57:57.926000Z
1217,1.16364,1.16368,1309999.9428,3940000.0572,2018-08-31T12:57:58.132000Z
1218,1.16364,1.1636700000000002,1000000.0,3559999.9428,2018-08-31T12:57:58.440000Z
1219,1.16364,1.1636700000000002,1000000.0,1690000.0572,2018-08-31T12:57:59.530000Z
1220,1.16363,1.1636700000000002,2809999.9428,4500000.0,2018-08-31T12:58:00.044000Z
1221,1.16363,1.1636700000000002,1870000.0048,5250000.0,2018-08-31T12:58:00.561000Z
1222,1.16363,1.1636600000000001,3190000.0572,1690000.0572,2018-08-31T12:58:01.127000Z
1223,1.16362,1.16363,4119999.8856,1000000.0,2018-08-31T12:58:03.256000Z
1224,1.1635900000000001,1.16362,1759999.9905,1370000.0048,2018-08-31T12:58:03.416000Z
1225,1.1635900000000001,1.16362,2059999.9428,1500000.0,2018-08-31T12:58:04.002000Z
1226,1.16361,1.16363,1000000.0,3000000.0,2018-08-31T12:58:04.427000Z
1227,1.16362,1.16365,1309999.9428,4650000.0954,2018-08-31T12:58:04.479000Z
1228,1.16364,1.1636600000000001,1000000.0,1000000.0,2018-08-31T12:58:04.636000Z
1229,1.16363,1.16365,1000000.0,2250000.0,2018-08-31T12:58:05.154000Z
1230,1.16362,1.16365,1000000.0,3369999.8856,2018-08-31T12:58:06.240000Z
1231,1.16362,1.16364,2250000.0,1000000.0,2018-08-31T12:58:07.084000Z
1232,1.16362,1.1636600000000001,4500000.0,4119999.8856,2018-08-31T12:58:07.187000Z
1233,1.1636600000000001,1.16368,1000000.0,5699999.8093,2018-08-31T12:58:07.359000Z
1234,1.16364,1.1636700000000002,1120000.0048,2700000.0477,2018-08-31T12:58:07.779000Z
1235,1.1636600000000001,1.16368,2250000.0,7570000.1717,2018-08-31T12:58:08.183000Z
1236,1.1636600000000001,1.1637,3369999.8856,1870000.0048,2018-08-31T12:58:08.337000Z
1237,1.1636700000000002,1.16371,2440000.0572,2250000.0,2018-08-31T12:58:08.669000Z
1238,1.16364,1.1636700000000002,1000000.0,1250000.0,2018-08-31T12:58:08.980000Z
1239,1.16364,1.1636700000000002,1000000.0,1690000.0572,2018-08-31T12:58:09.545000Z
1240,1.16364,1.1636700000000002,1000000.0,1250000.0,2018-08-31T12:58:10.075000Z
1241,1.16363,1.1636700000000002,2809999.9428,2440000.0572,2018-08-31T12:58:10.707000Z
1242,1.16364,1.1636700000000002,1000000.0,1250000.0,2018-08-31T12:58:11.211000Z
1243,1.1636600000000001,1.16368,1000000.0,1500000.0,2018-08-31T12:58:14.348000Z
1244,1.1636900000000001,1.16371,1000000.0,1120000.0048,2018-08-31T12:58:14.654000Z
1245,1.1636700000000002,1.16371,2809999.9428,5440000.0572,2018-08-31T12:58:15.340000Z
1246,1.1636600000000001,1.1637,2809999.9428,5699999.8093,2018-08-31T12:58:15.595000Z
1247,1.16368,1.1637,1200000.0477,1000000.0,2018-08-31T12:58:15.922000Z
1248,1.1636900000000001,1.16372,1000000.0,2509999.9905,2018-08-31T12:58:20.401000Z
1249,1.1637,1.16372,1000000.0,4119999.8856,2018-08-31T12:58:20.930000Z
1250,1.16372,1.16373,2619999.8856,3000000.0,2018-08-31T12:58:24.203000Z
1251,1.16373,1.1637600000000001,1570000.0525,1309999.9428,2018-08-31T12:58:24.310000Z
1252,1.16374,1.1637600000000001,1500000.0,1690000.0572,2018-08-31T12:58:28.044000Z
1253,1.16374,1.1637700000000002,1500000.0,2619999.8856,2018-08-31T12:58:28.643000Z
1254,1.1637700000000002,1.16378,1000000.0,1100000.0238,2018-08-31T12:58:30.470000Z
1255,1.1637700000000002,1.16379,3000000.0,1000000.0,2018-08-31T12:58:30.983000Z
1256,1.1637700000000002,1.16379,3369999.8856,1000000.0,2018-08-31T12:58:33.571000Z
1257,1.16378,1.16381,1000000.0,1690000.0572,2018-08-31T12:58:33.891000Z
1258,1.1638,1.16382,1000000.0,1000000.0,2018-08-31T12:58:34.049000Z
1259,1.16379,1.16382,1250000.0,1309999.9428,2018-08-31T12:58:34.567000Z
1260,1.1638,1.16382,1870000.0048,1250000.0,2018-08-31T12:58:36.012000Z
1261,1.16384,1.1638600000000001,1000000.0,1000000.0,2018-08-31T12:58:36.121000Z
1262,1.16383,1.1638600000000001,1000000.0,3559999.9428,2018-08-31T12:58:37.904000Z
1263,1.16382,1.16383,1000000.0,1000000.0,2018-08-31T12:58:38.313000Z
1264,1.16379,1.16382,1000000.0,1000000.0,2018-08-31T12:58:38.597000Z
1265,1.16379,1.16382,1120000.0048,2059999.9428,2018-08-31T12:58:39.174000Z
1266,1.1637600000000001,1.16378,1950000.0477,2250000.0,2018-08-31T12:58:40.020000Z
1267,1.16375,1.16378,1120000.0048,2619999.8856,2018-08-31T12:58:40.396000Z
1268,1.1637700000000002,1.16379,1000000.0,2250000.0,2018-08-31T12:58:40.499000Z
1269,1.16378,1.16381,1950000.0477,1309999.9428,2018-08-31T12:58:40.720000Z
1270,1.16378,1.16382,4389999.8665,1570000.0525,2018-08-31T12:58:41.876000Z
1271,1.16379,1.16382,1250000.0,1759999.9905,2018-08-31T12:58:43.268000Z
1272,1.16378,1.16382,5510000.2289,1759999.9905,2018-08-31T12:58:43.895000Z
1273,1.16382,1.16384,1870000.0048,3450000.0477,2018-08-31T12:58:44.321000Z
1274,1.1638,1.16383,2440000.0572,1370000.0048,2018-08-31T12:58:44.634000Z
1275,1.16379,1.16383,3069999.9332,9449999.8093,2018-08-31T12:58:45.163000Z
1276,1.16379,1.16383,3450000.0477,6449999.8093,2018-08-31T12:58:45.873000Z
1277,1.16379,1.16382,3450000.0477,1500000.0,2018-08-31T12:58:46.382000Z
1278,1.16379,1.16383,1950000.0477,5889999.8665,2018-08-31T12:58:47.329000Z
1279,1.16379,1.16382,3450000.0477,1000000.0,2018-08-31T12:58:47.848000Z
1280,1.16379,1.16383,1950000.0477,5889999.8665,2018-08-31T12:58:48.423000Z
1281,1.16379,1.16382,1500000.0,1000000.0,2018-08-31T12:58:49.021000Z
1282,1.16379,1.16383,1950000.0477,4760000.2289,2018-08-31T12:58:50.326000Z
1283,1.16379,1.16382,1950000.0477,1500000.0,2018-08-31T12:58:50.834000Z
1284,1.16379,1.16383,1500000.0,5889999.8665,2018-08-31T12:58:53.619000Z
1285,1.16379,1.16382,1500000.0,1000000.0,2018-08-31T12:58:54.172000Z
1286,1.16379,1.16383,1500000.0,5510000.2289,2018-08-31T12:58:56.202000Z
1287,1.16379,1.16382,1000000.0,1500000.0,2018-08-31T12:58:57.860000Z
