,bid,ask,bid_vol,ask_vol,time
0,1.1001400000000001,1.10017,2059999.9428,3559999.9428,2019-11-27T13:45:00.135000Z
1,1.1001400000000001,1.10016,2809999.9428,750000.0,2019-11-27T13:45:00.236000Z
2,1.1001400000000001,1.10017,5590000.1526,1500000.0,2019-11-27T13:45:00.388000Z
3,1.10015,1.10017,1200000.0477,1500000.0,2019-11-27T13:45:00.489000Z
4,1.10015,1.10016,639999.9857,750000.0,2019-11-27T13:45:00.973000Z
5,1.10016,1.10017,449999.9881,1500000.0,2019-11-27T13:45:01.075000Z
6,1.10015,1.10017,4119999.8856,1500000.0,2019-11-27T13:45:02.646000Z
7,1.10016,1.10017,750000.0,1500000.0,2019-11-27T13:45:06.122000Z
8,1.10015,1.10017,3000000.0,1500000.0,2019-11-27T13:45:06.572000Z
9,1.10016,1.10017,750000.0,1500000.0,2019-11-27T13:45:06.907000Z
10,1.10015,1.10017,2619999.8856,750000.0,2019-11-27T13:45:08.904000Z
11,1.10016,1.10017,750000.0,750000.0,2019-11-27T13:45:09.352000Z
12,1.10016,1.10018,2250000.0,1500000.0,2019-11-27T13:45:09.630000Z
13,1.10018,1.1002100000000001,5510000.2289,3450000.0477,2019-11-27T13:45:10.273000Z
14,1.10019,1.1002100000000001,939999.9976,1500000.0,2019-11-27T13:45:10.375000Z
15,1.1002,1.1002100000000001,750000.0,750000.0,2019-11-27T13:45:11.252000Z
16,1.10019,1.1002100000000001,939999.9976,2250000.0,2019-11-27T13:45:11.353000Z
17,1.1002100000000001,1.1002200000000002,189999.9976,3369999.8856,2019-11-27T13:45:11.454000Z
18,1.10023,1.10024,750000.0,750000.0,2019-11-27T13:45:11.786000Z
19,1.1002200000000002,1.10024,1120000.0048,750000.0,2019-11-27T13:45:11.888000Z
20,1.1002100000000001,1.10024,4760000.2289,2250000.0,2019-11-27T13:45:12.362000Z
21,1.1002200000000002,1.10024,750000.0,1500000.0,2019-11-27T13:45:12.513000Z
22,1.1002200000000002,1.10023,750000.0,750000.0,2019-11-27T13:45:12.614000Z
23,1.1002200000000002,1.10024,750000.0,750000.0,2019-11-27T13:45:13.875000Z
24,1.1002100000000001,1.10024,3369999.8856,3819999.9332,2019-11-27T13:45:14.347000Z
25,1.1002100000000001,1.1002200000000002,939999.9976,750000.0,2019-11-27T13:45:14.398000Z
26,1.1002,1.1002200000000002,2509999.9905,1500000.0,2019-11-27T13:45:14.500000Z
27,1.10019,1.1002100000000001,1690000.0572,750000.0,2019-11-27T13:45:14.601000Z
28,1.10019,1.1002,939999.9976,750000.0,2019-11-27T13:45:14.781000Z
29,1.10018,1.10019,750000.0,750000.0,2019-11-27T13:45:14.883000Z
30,1.10017,1.10019,1120000.0048,750000.0,2019-11-27T13:45:15.035000Z
31,1.10018,1.1002,750000.0,3000000.0,2019-11-27T13:45:15.954000Z
32,1.10017,1.1002,4389999.8665,2250000.0,2019-11-27T13:45:21.310000Z
33,1.10018,1.1002,750000.0,750000.0,2019-11-27T13:45:21.411000Z
34,1.10019,1.1002,819999.9928,750000.0,2019-11-27T13:45:21.614000Z
35,1.1002,1.1002100000000001,1500000.0,750000.0,2019-11-27T13:45:21.716000Z
36,1.10023,1.10024,750000.0,449999.9881,2019-11-27T13:45:21.817000Z
37,1.10023,1.10025,1500000.0,1500000.0,2019-11-27T13:45:21.989000Z
38,1.10024,1.10025,449999.9881,1500000.0,2019-11-27T13:45:23.996000Z
39,1.10023,1.10025,3069999.9332,1500000.0,2019-11-27T13:45:24.109000Z
40,1.10024,1.10025,449999.9881,1500000.0,2019-11-27T13:45:24.322000Z
41,1.10023,1.10025,3819999.9332,1500000.0,2019-11-27T13:45:25.572000Z
42,1.10024,1.10025,100000.0015,750000.0,2019-11-27T13:45:30.385000Z
43,1.1002200000000002,1.10025,4460000.0381,750000.0,2019-11-27T13:45:30.584000Z
44,1.10023,1.10025,819999.9928,1500000.0,2019-11-27T13:45:30.786000Z
45,1.1002200000000002,1.10025,3190000.0572,1500000.0,2019-11-27T13:45:32.319000Z
46,1.10023,1.10025,750000.0,1500000.0,2019-11-27T13:45:34.063000Z
47,1.10023,1.10024,1570000.0525,750000.0,2019-11-27T13:45:37.637000Z
48,1.1002200000000002,1.10024,5510000.2289,750000.0,2019-11-27T13:45:41.062000Z
49,1.10023,1.10024,750000.0,750000.0,2019-11-27T13:45:52.210000Z
50,1.1002200000000002,1.10024,1120000.0048,750000.0,2019-11-27T13:45:53.066000Z
51,1.10023,1.10024,750000.0,750000.0,2019-11-27T13:45:53.591000Z
52,1.1002200000000002,1.10024,2619999.8856,750000.0,2019-11-27T13:45:57.145000Z
53,1.10024,1.10026,750000.0,3190000.0572,2019-11-27T13:45:59.911000Z
54,1.10026,1.10028,750000.0,3750000.0,2019-11-27T13:45:59.962000Z
55,1.10027,1.10029,819999.9928,1649999.9762,2019-11-27T13:46:00.063000Z
56,1.10025,1.10027,3000000.0,1570000.0525,2019-11-27T13:46:05.039000Z
57,1.10025,1.10026,3190000.0572,750000.0,2019-11-27T13:46:05.141000Z
58,1.10024,1.10027,939999.9976,2319999.9332,2019-11-27T13:46:08Z
59,1.10024,1.10026,939999.9976,939999.9976,2019-11-27T13:46:08.102000Z
60,1.10024,1.10027,1759999.9905,4570000.1717,2019-11-27T13:46:08.859000Z
61,1.10024,1.10026,1950000.0477,819999.9928,2019-11-27T13:46:09.095000Z
62,1.10024,1.10025,1500000.0,100000.0015,2019-11-27T13:46:10.126000Z
63,1.10023,1.10025,2509999.9905,259999.9905,2019-11-27T13:46:10.227000Z
64,1.10024,1.10025,750000.0,259999.9905,2019-11-27T13:46:11.390000Z
65,1.10023,1.10026,3339999.9142,750000.0,2019-11-27T13:46:11.493000Z
66,1.10024,1.10026,370000.0048,2250000.0,2019-11-27T13:46:12.543000Z
67,1.10023,1.10025,750000.0,1570000.0525,2019-11-27T13:46:15.221000Z
68,1.1002200000000002,1.10024,819999.9928,1500000.0,2019-11-27T13:46:15.323000Z
69,1.10024,1.10025,750000.0,750000.0,2019-11-27T13:46:16.199000Z
70,1.10023,1.10025,4650000.0954,750000.0,2019-11-27T13:46:16.301000Z
71,1.10024,1.10025,750000.0,1500000.0,2019-11-27T13:46:16.654000Z
72,1.10024,1.10026,100000.0015,1500000.0,2019-11-27T13:46:16.756000Z
73,1.10023,1.10026,4570000.1717,750000.0,2019-11-27T13:46:16.857000Z
74,1.10024,1.10026,750000.0,750000.0,2019-11-27T13:46:17.248000Z
75,1.10024,1.10025,750000.0,750000.0,2019-11-27T13:46:22.817000Z
76,1.10023,1.10025,819999.9928,750000.0,2019-11-27T13:46:22.918000Z
77,1.10024,1.10026,100000.0015,1570000.0525,2019-11-27T13:46:23.830000Z
78,1.10024,1.10026,819999.9928,1570000.0525,2019-11-27T13:46:27.566000Z
79,1.10024,1.10026,100000.0015,2319999.9332,2019-11-27T13:46:33.556000Z
80,1.10026,1.10027,189999.9976,2250000.0,2019-11-27T13:46:35.276000Z
81,1.10026,1.10027,2509999.9905,750000.0,2019-11-27T13:46:35.379000Z
82,1.10027,1.10028,100000.0015,939999.9976,2019-11-27T13:46:36.543000Z
83,1.10027,1.10029,100000.0015,100000.0015,2019-11-27T13:46:36.644000Z
84,1.10026,1.10029,2170000.0763,639999.9857,2019-11-27T13:46:39.500000Z
85,1.10027,1.10029,750000.0,1690000.0572,2019-11-27T13:46:42.557000Z
86,1.10026,1.10029,1419999.9571,1389999.9857,2019-11-27T13:46:43.766000Z
87,1.10026,1.10028,1049999.9523,750000.0,2019-11-27T13:46:47.464000Z
88,1.10026,1.10029,970000.0286,1690000.0572,2019-11-27T13:46:53.106000Z
89,1.10026,1.10028,2470000.0286,750000.0,2019-11-27T13:46:56.127000Z
90,1.10027,1.10028,750000.0,750000.0,2019-11-27T13:47:00.076000Z
91,1.10026,1.10028,3259999.9905,750000.0,2019-11-27T13:47:00.316000Z
92,1.10024,1.10026,2589999.9142,1009999.9905,2019-11-27T13:47:05.228000Z
93,1.10024,1.10025,639999.9857,750000.0,2019-11-27T13:47:05.330000Z
94,1.10023,1.10025,1769999.9809,819999.9928,2019-11-27T13:47:05.618000Z
95,1.1002100000000001,1.10025,6610000.1335,4570000.1717,2019-11-27T13:47:05.770000Z
96,1.1002200000000002,1.10025,750000.0,4650000.0954,2019-11-27T13:47:05.882000Z
97,1.10023,1.10025,750000.0,2250000.0,2019-11-27T13:47:06.444000Z
98,1.1002200000000002,1.10025,3559999.9428,750000.0,2019-11-27T13:47:08.658000Z
99,1.10023,1.10025,750000.0,750000.0,2019-11-27T13:47:09.162000Z
100,1.10023,1.10024,750000.0,189999.9976,2019-11-27T13:47:10.018000Z
101,1.1002200000000002,1.10025,2440000.0572,750000.0,2019-11-27T13:47:10.120000Z
102,1.10023,1.10025,750000.0,750000.0,2019-11-27T13:47:10.221000Z
103,1.10024,1.10025,1500000.0,750000.0,2019-11-27T13:47:12.565000Z
104,1.10026,1.10028,750000.0,5320000.1717,2019-11-27T13:47:16.068000Z
105,1.10026,1.10029,1759999.9905,2250000.0,2019-11-27T13:47:16.372000Z
106,1.10027,1.10029,750000.0,2250000.0,2019-11-27T13:47:16.473000Z
107,1.10026,1.10027,1690000.0572,750000.0,2019-11-27T13:47:21.330000Z
108,1.10027,1.10028,750000.0,750000.0,2019-11-27T13:47:24.386000Z
109,1.10027,1.10028,750000.0,750000.0,2019-11-27T13:47:24.554000Z
110,1.10027,1.10029,750000.0,3750000.0,2019-11-27T13:47:25.769000Z
111,1.10027,1.10028,750000.0,750000.0,2019-11-27T13:47:27.545000Z
112,1.10026,1.10028,2809999.9428,750000.0,2019-11-27T13:47:28.073000Z
113,1.10027,1.10028,750000.0,370000.0048,2019-11-27T13:47:28.174000Z
114,1.10026,1.10028,939999.9976,750000.0,2019-11-27T13:47:35.939000Z
115,1.10026,1.10027,1690000.0572,750000.0,2019-11-27T13:48:05.875000Z
116,1.10025,1.10027,2440000.0572,750000.0,2019-11-27T13:48:05.977000Z
117,1.10026,1.10027,750000.0,819999.9928,2019-11-27T13:48:06.079000Z
118,1.10025,1.10027,4690000.0572,750000.0,2019-11-27T13:48:06.265000Z
119,1.10026,1.10027,2250000.0,750000.0,2019-11-27T13:48:06.568000Z
120,1.10026,1.10028,2250000.0,750000.0,2019-11-27T13:48:06.670000Z
121,1.10026,1.10029,1500000.0,3559999.9428,2019-11-27T13:48:06.771000Z
122,1.10026,1.10028,1500000.0,750000.0,2019-11-27T13:48:06.873000Z
123,1.10026,1.10029,3900000.0954,3190000.0572,2019-11-27T13:48:07.152000Z
124,1.1003,1.1003200000000002,1500000.0,5699999.8093,2019-11-27T13:48:07.304000Z
125,1.10029,1.1003100000000001,5059999.9428,469999.9988,2019-11-27T13:48:07.405000Z
126,1.10029,1.1003100000000001,4690000.0572,100000.0015,2019-11-27T13:48:07.506000Z
127,1.10028,1.1003100000000001,750000.0,1389999.9857,2019-11-27T13:48:07.709000Z
128,1.10028,1.1003,750000.0,1840000.0334,2019-11-27T13:48:07.811000Z
129,1.10029,1.1003,750000.0,750000.0,2019-11-27T13:48:08.668000Z
130,1.1003,1.1003100000000001,939999.9976,1500000.0,2019-11-27T13:48:08.821000Z
131,1.10029,1.1003,750000.0,189999.9976,2019-11-27T13:48:08.922000Z
132,1.10028,1.1003,1690000.0572,189999.9976,2019-11-27T13:48:09.023000Z
133,1.10027,1.1003,750000.0,4460000.0381,2019-11-27T13:48:09.481000Z
134,1.10026,1.10029,3259999.9905,750000.0,2019-11-27T13:48:09.620000Z
135,1.10026,1.10028,1570000.0525,750000.0,2019-11-27T13:48:10.727000Z
136,1.10026,1.10029,100000.0015,2440000.0572,2019-11-27T13:48:10.850000Z
137,1.10026,1.10028,1570000.0525,750000.0,2019-11-27T13:48:10.951000Z
138,1.10025,1.10029,8810000.4196,2509999.9905,2019-11-27T13:48:11.052000Z
139,1.10026,1.10028,750000.0,750000.0,2019-11-27T13:48:11.905000Z
140,1.10024,1.10025,6070000.1717,819999.9928,2019-11-27T13:48:12.131000Z
141,1.1002200000000002,1.10023,750000.0,750000.0,2019-11-27T13:48:12.233000Z
142,1.1002100000000001,1.10023,1120000.0048,1500000.0,2019-11-27T13:48:12.335000Z
143,1.1002100000000001,1.10024,3450000.0477,3750000.0,2019-11-27T13:48:12.689000Z
144,1.10023,1.10024,370000.0048,750000.0,2019-11-27T13:48:13.068000Z
145,1.10023,1.10025,370000.0048,1500000.0,2019-11-27T13:48:13.169000Z
146,1.10024,1.10025,750000.0,750000.0,2019-11-27T13:48:17.158000Z
147,1.10023,1.10025,750000.0,819999.9928,2019-11-27T13:48:18.748000Z
148,1.1002200000000002,1.10025,3450000.0477,819999.9928,2019-11-27T13:48:18.849000Z
149,1.10023,1.10026,750000.0,3190000.0572,2019-11-27T13:48:18.950000Z
150,1.10023,1.10025,1120000.0048,370000.0048,2019-11-27T13:48:22.151000Z
151,1.10024,1.10025,750000.0,370000.0048,2019-11-27T13:48:22.253000Z
152,1.10024,1.10026,750000.0,6639999.8665,2019-11-27T13:48:23.324000Z
153,1.10023,1.10026,2250000.0,3940000.0572,2019-11-27T13:48:23.647000Z
154,1.10023,1.10025,2250000.0,750000.0,2019-11-27T13:48:24.035000Z
155,1.10023,1.10026,2250000.0,4690000.0572,2019-11-27T13:48:25.256000Z
156,1.10023,1.10025,750000.0,100000.0015,2019-11-27T13:48:25.357000Z
157,1.10023,1.10026,2140000.1049,2250000.0,2019-11-27T13:48:25.459000Z
158,1.10024,1.10026,750000.0,3900000.0954,2019-11-27T13:48:25.568000Z
159,1.10023,1.10025,2890000.1049,2250000.0,2019-11-27T13:48:25.669000Z
160,1.10024,1.10025,370000.0048,750000.0,2019-11-27T13:48:26.583000Z
161,1.10024,1.10026,1309999.9428,370000.0048,2019-11-27T13:48:26.722000Z
162,1.10025,1.10026,750000.0,1870000.0048,2019-11-27T13:48:26.877000Z
163,1.10025,1.10027,1759999.9905,2250000.0,2019-11-27T13:48:29.772000Z
164,1.10026,1.10028,750000.0,1500000.0,2019-11-27T13:48:29.924000Z
165,1.10028,1.1003,1500000.0,6260000.2289,2019-11-27T13:48:32.272000Z
166,1.10027,1.1003,100000.0015,3259999.9905,2019-11-27T13:48:32.373000Z
167,1.10027,1.10029,899999.9762,370000.0048,2019-11-27T13:48:33.256000Z
168,1.10027,1.10028,1120000.0048,750000.0,2019-11-27T13:48:33.678000Z
169,1.10026,1.10028,259999.9905,1500000.0,2019-11-27T13:48:34.286000Z
170,1.10025,1.10027,750000.0,750000.0,2019-11-27T13:48:34.387000Z
171,1.10025,1.10028,750000.0,3640000.1049,2019-11-27T13:48:34.607000Z
172,1.10024,1.10028,4199999.8093,4389999.8665,2019-11-27T13:48:34.709000Z
173,1.10026,1.10028,449999.9881,4389999.8665,2019-11-27T13:48:35.944000Z
174,1.10025,1.10028,100000.0015,4389999.8665,2019-11-27T13:48:36.392000Z
175,1.10024,1.10028,4760000.2289,4389999.8665,2019-11-27T13:48:36.493000Z
176,1.10025,1.10028,750000.0,5139999.8665,2019-11-27T13:48:39.980000Z
177,1.10024,1.10028,4010000.2289,4389999.8665,2019-11-27T13:48:40.081000Z
178,1.10024,1.10027,3259999.9905,750000.0,2019-11-27T13:48:40.829000Z
179,1.10025,1.10027,189999.9976,750000.0,2019-11-27T13:48:41.074000Z
180,1.10026,1.10027,750000.0,750000.0,2019-11-27T13:48:41.186000Z
181,1.10025,1.10026,2319999.9332,1009999.9905,2019-11-27T13:48:44.662000Z
182,1.10023,1.10024,2140000.1049,750000.0,2019-11-27T13:48:44.764000Z
183,1.10023,1.10024,750000.0,750000.0,2019-11-27T13:48:44.902000Z
184,1.1002200000000002,1.10024,5590000.1526,750000.0,2019-11-27T13:48:45.947000Z
185,1.10023,1.10024,449999.9881,750000.0,2019-11-27T13:48:46.048000Z
186,1.10023,1.10025,1220000.0286,2890000.1049,2019-11-27T13:48:46.150000Z
187,1.1002200000000002,1.10024,819999.9928,750000.0,2019-11-27T13:48:46.251000Z
188,1.1002100000000001,1.10024,6340000.1526,750000.0,2019-11-27T13:48:46.504000Z
189,1.1002200000000002,1.10024,750000.0,750000.0,2019-11-27T13:48:46.949000Z
190,1.1002200000000002,1.10023,100000.0015,370000.0048,2019-11-27T13:48:47.708000Z
191,1.1002100000000001,1.10023,2319999.9332,370000.0048,2019-11-27T13:48:47.810000Z
192,1.1002200000000002,1.10023,449999.9881,370000.0048,2019-11-27T13:48:48.593000Z
193,1.1002100000000001,1.10024,1950000.0477,939999.9976,2019-11-27T13:48:48.715000Z
194,1.1002200000000002,1.10024,449999.9881,1690000.0572,2019-11-27T13:48:49.018000Z
195,1.1002100000000001,1.10024,3819999.9332,1690000.0572,2019-11-27T13:48:49.119000Z
196,1.1002200000000002,1.10023,750000.0,750000.0,2019-11-27T13:48:49.220000Z
197,1.1002200000000002,1.10024,1570000.0525,3000000.0,2019-11-27T13:48:49.866000Z
198,1.1002200000000002,1.10025,4650000.0954,2440000.0572,2019-11-27T13:48:50.068000Z
199,1.10023,1.10025,3450000.0477,750000.0,2019-11-27T13:48:50.220000Z
200,1.10024,1.10025,189999.9976,750000.0,2019-11-27T13:48:50.373000Z
201,1.10023,1.10024,1500000.0,750000.0,2019-11-27T13:48:50.530000Z
202,1.1002200000000002,1.10025,1500000.0,4010000.2289,2019-11-27T13:48:50.632000Z
203,1.1002100000000001,1.10025,4840000.1526,4389999.8665,2019-11-27T13:48:50.733000Z
204,1.1002200000000002,1.10025,750000.0,5139999.8665,2019-11-27T13:48:51.620000Z
205,1.1002100000000001,1.10025,2890000.1049,4389999.8665,2019-11-27T13:48:53.006000Z
206,1.1002100000000001,1.10024,2890000.1049,370000.0048,2019-11-27T13:48:54.335000Z
207,1.1002100000000001,1.10025,2140000.1049,4389999.8665,2019-11-27T13:48:55.170000Z
208,1.1002200000000002,1.10025,750000.0,6190000.0572,2019-11-27T13:48:57.106000Z
209,1.1002100000000001,1.10025,5139999.8665,6190000.0572,2019-11-27T13:48:57.208000Z
210,1.1002200000000002,1.10025,750000.0,6940000.0572,2019-11-27T13:48:57.395000Z
211,1.1002100000000001,1.10025,5139999.8665,5440000.0572,2019-11-27T13:48:57.497000Z
212,1.1002200000000002,1.10025,100000.0015,2440000.0572,2019-11-27T13:48:57.605000Z
213,1.1002200000000002,1.10024,1200000.0477,750000.0,2019-11-27T13:48:57.707000Z
214,1.1002200000000002,1.10024,1950000.0477,370000.0048,2019-11-27T13:48:59.430000Z
215,1.1002200000000002,1.10024,100000.0015,1870000.0048,2019-11-27T13:49:00.962000Z
216,1.1002100000000001,1.10024,3069999.9332,1870000.0048,2019-11-27T13:49:01.522000Z
217,1.1002200000000002,1.10023,750000.0,750000.0,2019-11-27T13:49:01.726000Z
218,1.1002100000000001,1.10024,3069999.9332,1870000.0048,2019-11-27T13:49:01.878000Z
219,1.1002100000000001,1.10023,2319999.9332,750000.0,2019-11-27T13:49:02.496000Z
220,1.1002100000000001,1.10024,1570000.0525,1870000.0048,2019-11-27T13:49:02.790000Z
221,1.1002100000000001,1.10023,1870000.0048,750000.0,2019-11-27T13:49:03.436000Z
222,1.1002100000000001,1.10024,1200000.0477,1870000.0048,2019-11-27T13:49:06.142000Z
223,1.1002200000000002,1.10024,100000.0015,1870000.0048,2019-11-27T13:49:06.439000Z
224,1.1002200000000002,1.10023,560000.0024,750000.0,2019-11-27T13:49:06.540000Z
225,1.1002200000000002,1.10024,639999.9857,1120000.0048,2019-11-27T13:49:06.744000Z
226,1.10023,1.10024,1120000.0048,750000.0,2019-11-27T13:49:07.151000Z
227,1.10023,1.10025,1759999.9905,1500000.0,2019-11-27T13:49:07.252000Z
228,1.1002200000000002,1.10025,5510000.2289,750000.0,2019-11-27T13:49:11.140000Z
229,1.10023,1.10025,449999.9881,1500000.0,2019-11-27T13:49:11.256000Z
230,1.10023,1.10024,449999.9881,750000.0,2019-11-27T13:49:11.509000Z
231,1.1002200000000002,1.10024,750000.0,3000000.0,2019-11-27T13:49:11.718000Z
232,1.1002100000000001,1.10024,5590000.1526,2250000.0,2019-11-27T13:49:11.819000Z
233,1.1002100000000001,1.1002200000000002,259999.9905,1500000.0,2019-11-27T13:49:15.080000Z
234,1.10018,1.1002,3190000.0572,2250000.0,2019-11-27T13:49:15.131000Z
235,1.10018,1.10019,189999.9976,1500000.0,2019-11-27T13:49:15.272000Z
236,1.10016,1.10018,2890000.1049,750000.0,2019-11-27T13:49:15.374000Z
237,1.10017,1.10018,750000.0,750000.0,2019-11-27T13:49:16.806000Z
238,1.10016,1.10018,1759999.9905,750000.0,2019-11-27T13:49:17.167000Z
239,1.10016,1.10017,189999.9976,1870000.0048,2019-11-27T13:49:18.919000Z
240,1.10015,1.10017,1309999.9428,1120000.0048,2019-11-27T13:49:19.021000Z
241,1.10015,1.10016,560000.0024,750000.0,2019-11-27T13:49:21.135000Z
242,1.1001400000000001,1.10015,370000.0048,2250000.0,2019-11-27T13:49:21.237000Z
243,1.1001200000000002,1.1001400000000001,1120000.0048,3000000.0,2019-11-27T13:49:21.288000Z
244,1.1001200000000002,1.10013,1500000.0,1500000.0,2019-11-27T13:49:21.389000Z
245,1.1001100000000001,1.10013,939999.9976,1500000.0,2019-11-27T13:49:23.878000Z
246,1.1001,1.10013,2809999.9428,1950000.0477,2019-11-27T13:49:25.526000Z
247,1.1001100000000001,1.10013,370000.0048,1950000.0477,2019-11-27T13:49:29.285000Z
248,1.1001,1.10013,1759999.9905,1950000.0477,2019-11-27T13:49:32.348000Z
249,1.1001,1.1001200000000002,2440000.0572,750000.0,2019-11-27T13:49:32.993000Z
250,1.10009,1.1001,1759999.9905,819999.9928,2019-11-27T13:49:33.044000Z
251,1.10008,1.10009,1120000.0048,1500000.0,2019-11-27T13:49:33.145000Z
252,1.10007,1.10009,189999.9976,1570000.0525,2019-11-27T13:49:33.257000Z
253,1.10006,1.10009,4309999.9428,2250000.0,2019-11-27T13:49:33.780000Z
254,1.10007,1.1001,939999.9976,2049999.9523,2019-11-27T13:49:33.881000Z
255,1.10006,1.10009,1759999.9905,449999.9881,2019-11-27T13:49:34.020000Z
256,1.10007,1.10009,750000.0,449999.9881,2019-11-27T13:49:34.121000Z
257,1.10006,1.10009,2509999.9905,1200000.0477,2019-11-27T13:49:34.222000Z
258,1.10006,1.10008,2319999.9332,750000.0,2019-11-27T13:49:34.480000Z
259,1.10006,1.10007,939999.9976,750000.0,2019-11-27T13:49:37.040000Z
260,1.10007,1.10008,189999.9976,2250000.0,2019-11-27T13:49:38.376000Z
261,1.10008,1.10009,4690000.0572,750000.0,2019-11-27T13:49:38.541000Z
262,1.1001,1.1001100000000001,189999.9976,3069999.9332,2019-11-27T13:49:38.594000Z
263,1.1001,1.1001200000000002,1690000.0572,2250000.0,2019-11-27T13:49:38.695000Z
264,1.10009,1.1001100000000001,939999.9976,1500000.0,2019-11-27T13:49:39.049000Z
265,1.1001,1.1001100000000001,939999.9976,750000.0,2019-11-27T13:49:39.522000Z
266,1.10008,1.1001100000000001,2890000.1049,1950000.0477,2019-11-27T13:49:40.658000Z
267,1.10009,1.1001100000000001,4690000.0572,750000.0,2019-11-27T13:49:42.697000Z
268,1.10009,1.1001200000000002,4760000.2289,750000.0,2019-11-27T13:49:42.808000Z
269,1.1001,1.1001200000000002,189999.9976,1500000.0,2019-11-27T13:49:42.909000Z
270,1.10009,1.1001,3369999.8856,750000.0,2019-11-27T13:49:45.799000Z
271,1.10007,1.1001,1690000.0572,6449999.8093,2019-11-27T13:49:45.850000Z
272,1.10006,1.10009,2619999.8856,2809999.9428,2019-11-27T13:49:45.951000Z
273,1.10006,1.10008,2059999.9428,750000.0,2019-11-27T13:49:46.209000Z
274,1.10007,1.10008,750000.0,750000.0,2019-11-27T13:49:47.125000Z
275,1.10006,1.10008,3190000.0572,750000.0,2019-11-27T13:49:47.435000Z
276,1.10007,1.10008,750000.0,750000.0,2019-11-27T13:49:48.134000Z
277,1.10007,1.10009,370000.0048,3369999.8856,2019-11-27T13:49:48.388000Z
278,1.10006,1.10009,2140000.1049,2250000.0,2019-11-27T13:49:49.321000Z
279,1.10007,1.10009,750000.0,2250000.0,2019-11-27T13:49:49.431000Z
280,1.10006,1.10009,2140000.1049,2250000.0,2019-11-27T13:49:49.626000Z
281,1.10007,1.10009,750000.0,750000.0,2019-11-27T13:49:49.728000Z
282,1.10006,1.10009,2059999.9428,750000.0,2019-11-27T13:49:49.830000Z
283,1.10006,1.10007,189999.9976,750000.0,2019-11-27T13:49:50.318000Z
284,1.10005,1.10007,189999.9976,750000.0,2019-11-27T13:49:50.420000Z
285,1.10005,1.10008,259999.9905,4199999.8093,2019-11-27T13:49:50.751000Z
286,1.10004,1.10006,3450000.0477,750000.0,2019-11-27T13:49:52.783000Z
287,1.1000100000000002,1.10003,1570000.0525,750000.0,2019-11-27T13:49:52.835000Z
288,1.1000100000000002,1.1000200000000002,1759999.9905,750000.0,2019-11-27T13:49:52.936000Z
289,1.1,1.1000200000000002,4840000.1526,1500000.0,2019-11-27T13:49:53.091000Z
290,1.1,1.10003,1690000.0572,750000.0,2019-11-27T13:49:53.193000Z
291,1.1000100000000002,1.10003,189999.9976,750000.0,2019-11-27T13:49:53.295000Z
292,1.1,1.10003,1009999.9905,1200000.0477,2019-11-27T13:49:53.882000Z
293,1.1,1.1000200000000002,3259999.9905,750000.0,2019-11-27T13:49:53.984000Z
294,1.1,1.10003,2589999.9142,2319999.9332,2019-11-27T13:49:54.771000Z
295,1.1000100000000002,1.10003,189999.9976,819999.9928,2019-11-27T13:49:56.467000Z
296,1.1000100000000002,1.10004,1690000.0572,2319999.9332,2019-11-27T13:49:56.569000Z
297,1.1000200000000002,1.10004,189999.9976,2319999.9332,2019-11-27T13:49:57.688000Z
298,1.1,1.1000200000000002,1500000.0,1870000.0048,2019-11-27T13:49:57.790000Z
299,1.09999,1.1000200000000002,750000.0,3519999.9809,2019-11-27T13:49:57.891000Z
300,1.1,1.1000200000000002,189999.9976,3440000.0572,2019-11-27T13:49:58.028000Z
301,1.1,1.1000200000000002,189999.9976,3450000.0477,2019-11-27T13:49:58.180000Z
302,1.1,1.1000200000000002,189999.9976,3450000.0477,2019-11-27T13:49:58.456000Z
303,1.1,1.1000200000000002,189999.9976,2700000.0477,2019-11-27T13:49:58.685000Z
304,1.1,1.1000200000000002,189999.9976,3369999.8856,2019-11-27T13:49:58.837000Z
305,1.1,1.1000200000000002,189999.9976,2619999.8856,2019-11-27T13:49:59.076000Z
306,1.1,1.1000200000000002,189999.9976,3099999.9046,2019-11-27T13:49:59.194000Z
307,1.0999700000000001,1.09999,5170000.0763,750000.0,2019-11-27T13:49:59.245000Z
308,1.0999700000000001,1.09999,1799999.9523,3750000.0,2019-11-27T13:49:59.346000Z
309,1.09996,1.09998,1759999.9905,370000.0048,2019-11-27T13:49:59.498000Z
310,1.0999700000000001,1.09998,939999.9976,1870000.0048,2019-11-27T13:49:59.801000Z
311,1.09996,1.09998,939999.9976,1870000.0048,2019-11-27T13:49:59.903000Z
312,1.09995,1.0999700000000001,3150000.0954,370000.0048,2019-11-27T13:50:00.155000Z
313,1.09996,1.0999700000000001,189999.9976,819999.9928,2019-11-27T13:50:00.257000Z
314,1.0999700000000001,1.09998,189999.9976,750000.0,2019-11-27T13:50:00.358000Z
315,1.09996,1.09998,1309999.9428,2619999.8856,2019-11-27T13:50:00.460000Z
316,1.0999700000000001,1.09998,189999.9976,370000.0048,2019-11-27T13:50:00.612000Z
317,1.09996,1.09998,939999.9976,1500000.0,2019-11-27T13:50:00.903000Z
318,1.0999700000000001,1.09999,189999.9976,5019999.9809,2019-11-27T13:50:01.004000Z
319,1.0999700000000001,1.09998,189999.9976,1500000.0,2019-11-27T13:50:01.156000Z
320,1.09996,1.0999700000000001,189999.9976,750000.0,2019-11-27T13:50:01.257000Z
321,1.09996,1.09998,189999.9976,2250000.0,2019-11-27T13:50:01.510000Z
322,1.09996,1.09999,189999.9976,4949999.8093,2019-11-27T13:50:01.611000Z
323,1.09996,1.09998,1009999.9905,750000.0,2019-11-27T13:50:02.113000Z
324,1.0999700000000001,1.09998,750000.0,1500000.0,2019-11-27T13:50:02.265000Z
325,1.09996,1.09998,3190000.0572,1500000.0,2019-11-27T13:50:02.366000Z
326,1.09995,1.0999700000000001,189999.9976,1500000.0,2019-11-27T13:50:02.669000Z
327,1.09995,1.09996,189999.9976,750000.0,2019-11-27T13:50:03.219000Z
328,1.09995,1.0999700000000001,189999.9976,750000.0,2019-11-27T13:50:03.321000Z
329,1.09996,1.09998,189999.9976,4949999.8093,2019-11-27T13:50:03.422000Z
330,1.09996,1.09999,939999.9976,2700000.0477,2019-11-27T13:50:03.675000Z
331,1.09999,1.1000100000000002,2960000.0381,2250000.0,2019-11-27T13:50:04.165000Z
332,1.1000100000000002,1.10003,1870000.0048,370000.0048,2019-11-27T13:50:04.267000Z
333,1.1000200000000002,1.10005,7010000.2289,1570000.0525,2019-11-27T13:50:04.368000Z
334,1.10004,1.10005,1120000.0048,750000.0,2019-11-27T13:50:05.299000Z
335,1.10004,1.10006,1120000.0048,939999.9976,2019-11-27T13:50:05.401000Z
336,1.10005,1.10007,370000.0048,2319999.9332,2019-11-27T13:50:05.828000Z
337,1.10005,1.10008,370000.0048,3559999.9428,2019-11-27T13:50:05.930000Z
338,1.10007,1.10009,750000.0,3450000.0477,2019-11-27T13:50:06.031000Z
339,1.10007,1.1001,1759999.9905,3819999.9332,2019-11-27T13:50:06.738000Z
340,1.10006,1.10008,7010000.2289,750000.0,2019-11-27T13:50:09.140000Z
341,1.10007,1.10009,1690000.0572,100000.0015,2019-11-27T13:50:09.191000Z
342,1.10007,1.1001,939999.9976,2619999.8856,2019-11-27T13:50:09.293000Z
343,1.10006,1.10008,8140000.3433,750000.0,2019-11-27T13:50:09.535000Z
344,1.10009,1.1001,750000.0,1120000.0048,2019-11-27T13:50:11.184000Z
345,1.10009,1.1001100000000001,750000.0,2250000.0,2019-11-27T13:50:11.285000Z
346,1.10008,1.10009,1309999.9428,750000.0,2019-11-27T13:50:11.336000Z
347,1.10008,1.1001,1870000.0048,1870000.0048,2019-11-27T13:50:11.438000Z
348,1.10008,1.1001100000000001,2619999.8856,3750000.0,2019-11-27T13:50:11.540000Z
349,1.10007,1.10009,3190000.0572,750000.0,2019-11-27T13:50:12.304000Z
350,1.10007,1.10008,1690000.0572,370000.0048,2019-11-27T13:50:13.296000Z
351,1.10007,1.10009,939999.9976,370000.0048,2019-11-27T13:50:15.706000Z
352,1.10007,1.1001,639999.9857,3190000.0572,2019-11-27T13:50:15.808000Z
353,1.10007,1.10009,939999.9976,1690000.0572,2019-11-27T13:50:16.228000Z
354,1.10007,1.10008,189999.9976,750000.0,2019-11-27T13:50:20.348000Z
355,1.10006,1.10008,2250000.0,819999.9928,2019-11-27T13:50:21.017000Z
356,1.10004,1.10005,819999.9928,750000.0,2019-11-27T13:50:21.118000Z
357,1.10003,1.10005,1690000.0572,100000.0015,2019-11-27T13:50:21.232000Z
358,1.10004,1.10006,1690000.0572,1500000.0,2019-11-27T13:50:21.334000Z
359,1.10005,1.10006,370000.0048,750000.0,2019-11-27T13:50:23.983000Z
360,1.10007,1.10008,939999.9976,819999.9928,2019-11-27T13:50:25.508000Z
361,1.10007,1.10009,939999.9976,2140000.1049,2019-11-27T13:50:25.609000Z
362,1.10008,1.10009,370000.0048,750000.0,2019-11-27T13:50:26.300000Z
363,1.10008,1.1001,370000.0048,2700000.0477,2019-11-27T13:50:27.536000Z
364,1.10009,1.1001,2809999.9428,750000.0,2019-11-27T13:50:27.900000Z
365,1.10007,1.1001,6260000.2289,3069999.9332,2019-11-27T13:50:28.602000Z
366,1.10007,1.10009,3259999.9905,750000.0,2019-11-27T13:50:28.652000Z
367,1.10006,1.10008,189999.9976,2250000.0,2019-11-27T13:50:28.754000Z
368,1.10005,1.10007,939999.9976,750000.0,2019-11-27T13:50:28.877000Z
369,1.10005,1.10006,189999.9976,750000.0,2019-11-27T13:50:28.979000Z
370,1.10005,1.10007,189999.9976,750000.0,2019-11-27T13:50:29.155000Z
371,1.10005,1.10006,1690000.0572,750000.0,2019-11-27T13:50:29.257000Z
372,1.10004,1.10007,189999.9976,4010000.2289,2019-11-27T13:50:30.218000Z
373,1.10004,1.10005,259999.9905,750000.0,2019-11-27T13:50:30.528000Z
374,1.1000200000000002,1.10004,1759999.9905,100000.0015,2019-11-27T13:50:30.629000Z
375,1.10003,1.10005,819999.9928,2250000.0,2019-11-27T13:50:31.605000Z
376,1.10003,1.10006,3640000.1049,819999.9928,2019-11-27T13:50:31.757000Z
377,1.10004,1.10006,189999.9976,750000.0,2019-11-27T13:50:32.047000Z
378,1.10004,1.10005,189999.9976,750000.0,2019-11-27T13:50:32.628000Z
379,1.10003,1.10005,189999.9976,1500000.0,2019-11-27T13:50:32.730000Z
380,1.1000200000000002,1.10005,2059999.9428,1500000.0,2019-11-27T13:50:32.831000Z
381,1.10004,1.10005,189999.9976,750000.0,2019-11-27T13:50:32.882000Z
382,1.10003,1.10005,939999.9976,750000.0,2019-11-27T13:50:32.983000Z
383,1.10003,1.10004,939999.9976,750000.0,2019-11-27T13:50:34.189000Z
384,1.1000200000000002,1.10004,2700000.0477,750000.0,2019-11-27T13:50:34.525000Z
385,1.1000200000000002,1.10004,189999.9976,1570000.0525,2019-11-27T13:50:34.626000Z
386,1.1000100000000002,1.10004,3259999.9905,819999.9928,2019-11-27T13:50:34.727000Z
387,1.1000200000000002,1.10004,189999.9976,819999.9928,2019-11-27T13:50:35.253000Z
388,1.1000100000000002,1.10003,4010000.2289,750000.0,2019-11-27T13:50:35.796000Z
389,1.1000100000000002,1.1000200000000002,2440000.0572,750000.0,2019-11-27T13:50:35.898000Z
390,1.1000100000000002,1.10003,939999.9976,2250000.0,2019-11-27T13:50:36.303000Z
391,1.1000100000000002,1.1000200000000002,939999.9976,750000.0,2019-11-27T13:50:37.791000Z
392,1.09999,1.1000200000000002,2509999.9905,2250000.0,2019-11-27T13:50:38.285000Z
393,1.1,1.1000200000000002,100000.0015,4949999.8093,2019-11-27T13:50:38.415000Z
394,1.1,1.1000100000000002,449999.9881,750000.0,2019-11-27T13:50:38.516000Z
395,1.09999,1.1000100000000002,1690000.0572,750000.0,2019-11-27T13:50:38.668000Z
396,1.1,1.1000100000000002,189999.9976,750000.0,2019-11-27T13:50:39.378000Z
397,1.09999,1.1000100000000002,1389999.9857,750000.0,2019-11-27T13:50:39.479000Z
398,1.1,1.1000100000000002,1500000.0,750000.0,2019-11-27T13:50:39.581000Z
399,1.1000100000000002,1.1000200000000002,189999.9976,750000.0,2019-11-27T13:50:39.803000Z
400,1.1000100000000002,1.10003,189999.9976,1500000.0,2019-11-27T13:50:40.164000Z
401,1.10003,1.10005,2509999.9905,449999.9881,2019-11-27T13:50:41.920000Z
402,1.10005,1.10006,1500000.0,750000.0,2019-11-27T13:50:42.071000Z
403,1.10006,1.10007,189999.9976,750000.0,2019-11-27T13:50:42.173000Z
404,1.10004,1.10005,819999.9928,3750000.0,2019-11-27T13:50:50.379000Z
405,1.1000200000000002,1.10003,2809999.9428,750000.0,2019-11-27T13:50:50.430000Z
406,1.1000200000000002,1.10003,189999.9976,1500000.0,2019-11-27T13:50:50.531000Z
407,1.1000200000000002,1.10004,189999.9976,4119999.8856,2019-11-27T13:50:52.216000Z
408,1.1000100000000002,1.10004,939999.9976,3750000.0,2019-11-27T13:50:58.860000Z
409,1.10003,1.10004,750000.0,2319999.9332,2019-11-27T13:51:00.802000Z
410,1.1000200000000002,1.10005,1950000.0477,3000000.0,2019-11-27T13:51:00.903000Z
411,1.1000200000000002,1.10004,1500000.0,750000.0,2019-11-27T13:51:01.054000Z
412,1.1000100000000002,1.10004,4119999.8856,750000.0,2019-11-27T13:51:01.230000Z
413,1.1000200000000002,1.10004,750000.0,750000.0,2019-11-27T13:51:01.382000Z
414,1.1000100000000002,1.10004,4119999.8856,750000.0,2019-11-27T13:51:01.566000Z
415,1.1000200000000002,1.10005,100000.0015,4389999.8665,2019-11-27T13:51:02.008000Z
416,1.10003,1.10004,370000.0048,750000.0,2019-11-27T13:51:02.183000Z
417,1.10003,1.10005,370000.0048,3750000.0,2019-11-27T13:51:02.285000Z
418,1.1000200000000002,1.10005,449999.9881,2250000.0,2019-11-27T13:51:02.534000Z
419,1.1000200000000002,1.10004,449999.9881,750000.0,2019-11-27T13:51:02.636000Z
420,1.10003,1.10004,1500000.0,750000.0,2019-11-27T13:51:03.718000Z
421,1.10003,1.10005,1500000.0,750000.0,2019-11-27T13:51:03.921000Z
422,1.10003,1.10006,2250000.0,3000000.0,2019-11-27T13:51:04.212000Z
423,1.10004,1.10006,750000.0,3000000.0,2019-11-27T13:51:04.313000Z
424,1.10004,1.10005,750000.0,100000.0015,2019-11-27T13:51:04.781000Z
425,1.10003,1.10005,1950000.0477,100000.0015,2019-11-27T13:51:04.962000Z
426,1.10004,1.10006,100000.0015,2319999.9332,2019-11-27T13:51:06.109000Z
427,1.10005,1.10007,1500000.0,2319999.9332,2019-11-27T13:51:06.210000Z
428,1.10004,1.10007,2140000.1049,819999.9928,2019-11-27T13:51:06.312000Z
429,1.10005,1.10007,370000.0048,1950000.0477,2019-11-27T13:51:07.170000Z
430,1.10004,1.10007,2140000.1049,819999.9928,2019-11-27T13:51:08.926000Z
431,1.10005,1.10007,750000.0,1570000.0525,2019-11-27T13:51:09.027000Z
432,1.10006,1.10007,449999.9881,750000.0,2019-11-27T13:51:13.847000Z
433,1.10005,1.10007,1200000.0477,750000.0,2019-11-27T13:51:13.960000Z
434,1.10004,1.10007,4760000.2289,1500000.0,2019-11-27T13:51:17.548000Z
435,1.10005,1.10007,189999.9976,1500000.0,2019-11-27T13:51:19.838000Z
436,1.10005,1.10008,1840000.0334,3000000.0,2019-11-27T13:51:19.989000Z
437,1.10007,1.10008,100000.0015,1500000.0,2019-11-27T13:51:20.125000Z
438,1.10006,1.10007,750000.0,750000.0,2019-11-27T13:51:21.211000Z
439,1.10005,1.10007,4840000.1526,750000.0,2019-11-27T13:51:21.937000Z
440,1.10005,1.10008,4090000.1526,3000000.0,2019-11-27T13:51:23.652000Z
441,1.10005,1.10007,2960000.0381,750000.0,2019-11-27T13:51:25.110000Z
442,1.10008,1.1001,4500000.0,3259999.9905,2019-11-27T13:51:32.378000Z
443,1.10008,1.10009,4869999.8856,750000.0,2019-11-27T13:51:32.479000Z
444,1.10007,1.10009,750000.0,1500000.0,2019-11-27T13:51:32.581000Z
445,1.10007,1.10008,750000.0,750000.0,2019-11-27T13:51:33.561000Z
446,1.10007,1.10009,750000.0,1690000.0572,2019-11-27T13:51:33.867000Z
447,1.10007,1.10008,750000.0,750000.0,2019-11-27T13:51:34.795000Z
448,1.10006,1.10008,1500000.0,2440000.0572,2019-11-27T13:51:35.011000Z
449,1.10006,1.10007,750000.0,750000.0,2019-11-27T13:51:35.112000Z
450,1.10004,1.10007,6559999.9428,750000.0,2019-11-27T13:51:35.214000Z
451,1.10003,1.10005,2250000.0,750000.0,2019-11-27T13:51:35.362000Z
452,1.1000200000000002,1.10004,2059999.9428,939999.9976,2019-11-27T13:51:36.024000Z
453,1.1000200000000002,1.10003,2059999.9428,370000.0048,2019-11-27T13:51:37.390000Z
454,1.1000200000000002,1.10004,2809999.9428,2440000.0572,2019-11-27T13:51:38.195000Z
455,1.1000100000000002,1.10004,750000.0,3190000.0572,2019-11-27T13:51:38.300000Z
456,1.1000100000000002,1.10003,750000.0,1500000.0,2019-11-27T13:51:38.401000Z
457,1.1000100000000002,1.10004,750000.0,6940000.0572,2019-11-27T13:51:38.836000Z
458,1.1,1.10004,4389999.8665,4690000.0572,2019-11-27T13:51:38.940000Z
459,1.1,1.10003,4389999.8665,750000.0,2019-11-27T13:51:40.160000Z
460,1.1000100000000002,1.10003,750000.0,750000.0,2019-11-27T13:51:40.463000Z
461,1.1,1.10003,4389999.8665,750000.0,2019-11-27T13:51:40.581000Z
462,1.1000200000000002,1.10003,750000.0,750000.0,2019-11-27T13:51:40.733000Z
463,1.10003,1.10005,1200000.0477,1950000.0477,2019-11-27T13:51:40.784000Z
464,1.10004,1.10007,1570000.0525,7269999.9809,2019-11-27T13:51:40.886000Z
465,1.10005,1.10007,750000.0,819999.9928,2019-11-27T13:51:41.240000Z
466,1.10005,1.10008,1500000.0,4119999.8856,2019-11-27T13:51:41.645000Z
467,1.10007,1.10008,100000.0015,449999.9881,2019-11-27T13:51:41.829000Z
468,1.10007,1.10009,100000.0015,4010000.2289,2019-11-27T13:51:41.930000Z
469,1.10007,1.10008,100000.0015,370000.0048,2019-11-27T13:51:43.155000Z
470,1.10007,1.10009,100000.0015,1570000.0525,2019-11-27T13:51:44.562000Z
471,1.10006,1.10009,4199999.8093,3000000.0,2019-11-27T13:51:47.748000Z
472,1.10006,1.10008,4199999.8093,750000.0,2019-11-27T13:51:47.849000Z
473,1.10007,1.10008,370000.0048,750000.0,2019-11-27T13:51:49.274000Z
474,1.10006,1.10008,3369999.8856,750000.0,2019-11-27T13:51:49.376000Z
475,1.10006,1.10007,750000.0,750000.0,2019-11-27T13:51:52.677000Z
476,1.10005,1.10006,1500000.0,750000.0,2019-11-27T13:51:53.791000Z
477,1.10006,1.10007,750000.0,750000.0,2019-11-27T13:51:55.721000Z
478,1.10006,1.10008,1570000.0525,1570000.0525,2019-11-27T13:51:55.823000Z
479,1.10007,1.10008,750000.0,1500000.0,2019-11-27T13:51:56.383000Z
480,1.10007,1.10009,3640000.1049,1120000.0048,2019-11-27T13:51:56.484000Z
481,1.10007,1.1001,3640000.1049,1690000.0572,2019-11-27T13:51:57.507000Z
482,1.10007,1.10009,3559999.9428,100000.0015,2019-11-27T13:51:57.609000Z
483,1.10007,1.1001,2250000.0,3640000.1049,2019-11-27T13:51:58.152000Z
484,1.10007,1.10009,750000.0,3000000.0,2019-11-27T13:51:58.254000Z
485,1.10006,1.10009,1120000.0048,3000000.0,2019-11-27T13:51:58.597000Z
486,1.10006,1.10008,1120000.0048,1500000.0,2019-11-27T13:51:58.699000Z
487,1.10007,1.10008,1120000.0048,750000.0,2019-11-27T13:51:59.248000Z
488,1.10006,1.10008,1720000.0286,750000.0,2019-11-27T13:51:59.349000Z
489,1.10005,1.10008,2059999.9428,3369999.8856,2019-11-27T13:52:01.782000Z
490,1.10005,1.10007,1870000.0048,1500000.0,2019-11-27T13:52:01.883000Z
491,1.10005,1.10008,1460000.0381,3519999.9809,2019-11-27T13:52:01.985000Z
492,1.10005,1.10007,2210000.0381,2250000.0,2019-11-27T13:52:03.507000Z
493,1.10004,1.10008,3640000.1049,4570000.1717,2019-11-27T13:52:03.608000Z
494,1.10005,1.10007,750000.0,750000.0,2019-11-27T13:52:03.760000Z
495,1.10004,1.10005,750000.0,750000.0,2019-11-27T13:52:06.610000Z
496,1.10003,1.10005,1120000.0048,750000.0,2019-11-27T13:52:06.712000Z
497,1.1000200000000002,1.10005,2140000.1049,2700000.0477,2019-11-27T13:52:06.813000Z
498,1.10004,1.10006,560000.0024,1309999.9428,2019-11-27T13:52:07.077000Z
499,1.10005,1.10006,750000.0,1120000.0048,2019-11-27T13:52:07.594000Z
500,1.10005,1.10008,2589999.9142,819999.9928,2019-11-27T13:52:07.847000Z
501,1.10006,1.10008,1690000.0572,1500000.0,2019-11-27T13:52:07.948000Z
502,1.10007,1.10008,1500000.0,750000.0,2019-11-27T13:52:11.161000Z
503,1.10007,1.10009,2250000.0,3069999.9332,2019-11-27T13:52:12.220000Z
504,1.10008,1.1001,1570000.0525,1500000.0,2019-11-27T13:52:12.322000Z
505,1.10008,1.1001100000000001,2319999.9332,3000000.0,2019-11-27T13:52:12.423000Z
506,1.10008,1.10009,750000.0,750000.0,2019-11-27T13:52:12.525000Z
507,1.10006,1.10009,2809999.9428,3369999.8856,2019-11-27T13:52:12.676000Z
508,1.10006,1.10008,1120000.0048,370000.0048,2019-11-27T13:52:12.828000Z
509,1.10006,1.10007,1500000.0,750000.0,2019-11-27T13:52:13.373000Z
510,1.10005,1.10007,2619999.8856,1490000.0095,2019-11-27T13:52:13.525000Z
511,1.10006,1.10007,750000.0,750000.0,2019-11-27T13:52:16.565000Z
512,1.10004,1.10005,1950000.0477,750000.0,2019-11-27T13:52:20.719000Z
513,1.10003,1.10005,750000.0,819999.9928,2019-11-27T13:52:20.820000Z
514,1.1000200000000002,1.10005,6340000.1526,750000.0,2019-11-27T13:52:20.972000Z
515,1.10003,1.10005,750000.0,750000.0,2019-11-27T13:52:21.073000Z
516,1.10004,1.10006,100000.0015,1500000.0,2019-11-27T13:52:21.513000Z
517,1.10003,1.10005,1120000.0048,750000.0,2019-11-27T13:52:22.026000Z
518,1.1000200000000002,1.10004,2700000.0477,1500000.0,2019-11-27T13:52:23.632000Z
519,1.1000100000000002,1.10003,2140000.1049,750000.0,2019-11-27T13:52:23.921000Z
520,1.1000200000000002,1.10003,750000.0,750000.0,2019-11-27T13:52:24.137000Z
521,1.1000100000000002,1.10003,1120000.0048,1500000.0,2019-11-27T13:52:25.293000Z
522,1.1,1.1000200000000002,560000.0024,750000.0,2019-11-27T13:52:25.394000Z
523,1.09999,1.1,1190000.0572,1500000.0,2019-11-27T13:52:26.349000Z
524,1.09996,1.09999,589999.9738,3069999.9332,2019-11-27T13:52:26.493000Z
525,1.09996,1.0999700000000001,100000.0015,750000.0,2019-11-27T13:52:26.596000Z
526,1.09995,1.09996,939999.9976,1500000.0,2019-11-27T13:52:27.556000Z
527,1.09994,1.09996,2440000.0572,2250000.0,2019-11-27T13:52:27.758000Z
528,1.09994,1.09995,3369999.8856,939999.9976,2019-11-27T13:52:28.041000Z
529,1.09993,1.09994,939999.9976,750000.0,2019-11-27T13:52:28.142000Z
530,1.0999200000000002,1.09993,639999.9857,1500000.0,2019-11-27T13:52:28.193000Z
531,1.0999200000000002,1.09994,939999.9976,57189998.6267,2019-11-27T13:52:30.324000Z
532,1.0999100000000002,1.09994,5590000.1526,1570000.0525,2019-11-27T13:52:30.376000Z
533,1.09993,1.09994,939999.9976,819999.9928,2019-11-27T13:52:30.427000Z
534,1.0999200000000002,1.09993,819999.9928,2250000.0,2019-11-27T13:52:30.530000Z
535,1.0999100000000002,1.09993,639999.9857,4119999.8856,2019-11-27T13:52:30.734000Z
536,1.09989,1.0999100000000002,2890000.1049,750000.0,2019-11-27T13:52:32.038000Z
537,1.09989,1.0999200000000002,1870000.0048,3000000.0,2019-11-27T13:52:32.534000Z
538,1.09989,1.0999200000000002,2619999.8856,5250000.0,2019-11-27T13:52:32.737000Z
539,1.0999,1.0999100000000002,560000.0024,750000.0,2019-11-27T13:52:37.857000Z
540,1.0999,1.0999200000000002,1840000.0334,750000.0,2019-11-27T13:52:37.958000Z
541,1.0999100000000002,1.0999200000000002,1500000.0,1690000.0572,2019-11-27T13:52:38.060000Z
542,1.09993,1.09995,1120000.0048,2700000.0477,2019-11-27T13:52:39.735000Z
543,1.09995,1.0999700000000001,370000.0048,2250000.0,2019-11-27T13:52:39.860000Z
544,1.09994,1.0999700000000001,2619999.8856,1500000.0,2019-11-27T13:52:39.961000Z
545,1.09996,1.0999700000000001,189999.9976,1500000.0,2019-11-27T13:52:40.232000Z
546,1.09996,1.09998,259999.9905,2059999.9428,2019-11-27T13:52:40.333000Z
547,1.09995,1.09998,3450000.0477,2019999.9809,2019-11-27T13:52:40.767000Z
548,1.09995,1.09998,1870000.0048,6820000.1717,2019-11-27T13:52:40.869000Z
549,1.09994,1.09998,4389999.8665,7269999.9809,2019-11-27T13:52:41.122000Z
550,1.09994,1.0999700000000001,4949999.8093,1570000.0525,2019-11-27T13:52:41.398000Z
551,1.09993,1.09995,639999.9857,2440000.0572,2019-11-27T13:52:45.558000Z
552,1.0999200000000002,1.09994,189999.9976,2960000.0381,2019-11-27T13:52:45.661000Z
553,1.0999200000000002,1.09993,189999.9976,370000.0048,2019-11-27T13:52:45.866000Z
554,1.0999200000000002,1.09994,189999.9976,3710000.0381,2019-11-27T13:52:46.413000Z
555,1.0999200000000002,1.09993,189999.9976,819999.9928,2019-11-27T13:52:47.250000Z
556,1.0999100000000002,1.0999200000000002,189999.9976,100000.0015,2019-11-27T13:52:47.354000Z
557,1.0999,1.0999200000000002,449999.9881,100000.0015,2019-11-27T13:52:47.455000Z
558,1.0999100000000002,1.0999200000000002,370000.0048,370000.0048,2019-11-27T13:52:49.798000Z
559,1.0999100000000002,1.09993,750000.0,1870000.0048,2019-11-27T13:52:49.899000Z
560,1.0999,1.09993,4090000.1526,750000.0,2019-11-27T13:52:51.268000Z
561,1.0999,1.09994,4460000.0381,2440000.0572,2019-11-27T13:52:52.436000Z
562,1.0999200000000002,1.09994,750000.0,1690000.0572,2019-11-27T13:52:52.589000Z
563,1.09993,1.09995,2509999.9905,819999.9928,2019-11-27T13:52:52.692000Z
564,1.09995,1.0999700000000001,750000.0,750000.0,2019-11-27T13:52:52.794000Z
565,1.09995,1.09998,750000.0,2890000.1049,2019-11-27T13:52:52.947000Z
566,1.09995,1.09996,750000.0,189999.9976,2019-11-27T13:52:53.049000Z
567,1.09994,1.09996,939999.9976,189999.9976,2019-11-27T13:52:53.150000Z
568,1.09993,1.09996,2319999.9332,4760000.2289,2019-11-27T13:52:55.828000Z
569,1.09993,1.09995,1500000.0,750000.0,2019-11-27T13:53:00.166000Z
570,1.09993,1.09996,750000.0,4090000.1526,2019-11-27T13:53:00.268000Z
571,1.09993,1.09995,750000.0,449999.9881,2019-11-27T13:53:00.376000Z
572,1.09993,1.09994,189999.9976,100000.0015,2019-11-27T13:53:00.732000Z
573,1.09993,1.09995,189999.9976,3190000.0572,2019-11-27T13:53:00.860000Z
574,1.09995,1.09996,189999.9976,3450000.0477,2019-11-27T13:53:01.256000Z
575,1.09994,1.09998,5809999.9428,3710000.0381,2019-11-27T13:53:01.408000Z
576,1.09995,1.09998,189999.9976,3450000.0477,2019-11-27T13:53:01.510000Z
577,1.09996,1.09998,100000.0015,750000.0,2019-11-27T13:53:03.683000Z
578,1.09995,1.09998,3940000.0572,750000.0,2019-11-27T13:53:03.785000Z
579,1.09996,1.09998,259999.9905,750000.0,2019-11-27T13:53:04.221000Z
580,1.09996,1.09999,259999.9905,6070000.1717,2019-11-27T13:53:04.516000Z
581,1.09996,1.09998,189999.9976,100000.0015,2019-11-27T13:53:05.629000Z
582,1.09996,1.09999,189999.9976,5619999.8856,2019-11-27T13:53:05.831000Z
583,1.0999700000000001,1.09998,1500000.0,1500000.0,2019-11-27T13:53:05.933000Z
584,1.09996,1.09998,3710000.0381,750000.0,2019-11-27T13:53:06.290000Z
585,1.0999700000000001,1.09998,100000.0015,750000.0,2019-11-27T13:53:06.759000Z
586,1.09998,1.1,2809999.9428,1500000.0,2019-11-27T13:53:07.348000Z
587,1.09999,1.1000200000000002,2250000.0,1690000.0572,2019-11-27T13:53:07.449000Z
588,1.1,1.1000200000000002,639999.9857,2250000.0,2019-11-27T13:53:07.550000Z
589,1.1000100000000002,1.10003,939999.9976,4119999.8856,2019-11-27T13:53:07.652000Z
590,1.10003,1.10004,189999.9976,750000.0,2019-11-27T13:53:07.753000Z
591,1.10003,1.10005,259999.9905,3190000.0572,2019-11-27T13:53:07.955000Z
592,1.10003,1.10004,639999.9857,750000.0,2019-11-27T13:53:09.602000Z
593,1.10004,1.10005,100000.0015,750000.0,2019-11-27T13:53:13.855000Z
594,1.10005,1.10006,259999.9905,750000.0,2019-11-27T13:53:13.906000Z
595,1.10006,1.10007,100000.0015,819999.9928,2019-11-27T13:53:14.007000Z
596,1.10005,1.10007,2960000.0381,1570000.0525,2019-11-27T13:53:17.851000Z
597,1.10005,1.10006,100000.0015,939999.9976,2019-11-27T13:53:18.796000Z
598,1.10004,1.10005,449999.9881,1500000.0,2019-11-27T13:53:18.911000Z
599,1.10003,1.10004,819999.9928,750000.0,2019-11-27T13:53:18.962000Z
600,1.1000200000000002,1.10004,1389999.9857,750000.0,2019-11-27T13:53:19.065000Z
601,1.10003,1.10005,469999.9988,4010000.2289,2019-11-27T13:53:19.318000Z
602,1.1000200000000002,1.10004,709999.9785,1690000.0572,2019-11-27T13:53:19.420000Z
603,1.10003,1.10004,100000.0015,1690000.0572,2019-11-27T13:53:19.724000Z
604,1.10003,1.10005,1200000.0477,1500000.0,2019-11-27T13:53:19.827000Z
605,1.1000200000000002,1.10004,1389999.9857,1570000.0525,2019-11-27T13:53:20.131000Z
606,1.1000200000000002,1.10003,449999.9881,750000.0,2019-11-27T13:53:20.233000Z
607,1.1000100000000002,1.10003,2140000.1049,1500000.0,2019-11-27T13:53:20.435000Z
608,1.1000100000000002,1.1000200000000002,1690000.0572,1500000.0,2019-11-27T13:53:20.554000Z
609,1.1000100000000002,1.10003,939999.9976,3450000.0477,2019-11-27T13:53:21.565000Z
610,1.1000100000000002,1.1000200000000002,939999.9976,750000.0,2019-11-27T13:53:21.667000Z
611,1.1,1.1000200000000002,1950000.0477,2250000.0,2019-11-27T13:53:23.846000Z
612,1.1,1.1000100000000002,1200000.0477,819999.9928,2019-11-27T13:53:25.150000Z
613,1.09999,1.1,449999.9881,819999.9928,2019-11-27T13:53:25.251000Z
614,1.09998,1.1,1570000.0525,819999.9928,2019-11-27T13:53:25.353000Z
615,1.09998,1.09999,2319999.9332,750000.0,2019-11-27T13:53:25.487000Z
616,1.0999700000000001,1.09999,1570000.0525,1500000.0,2019-11-27T13:53:25.639000Z
617,1.09998,1.09999,449999.9881,750000.0,2019-11-27T13:53:25.740000Z
618,1.09998,1.1,1009999.9905,370000.0048,2019-11-27T13:53:25.842000Z
619,1.1000100000000002,1.10003,1200000.0477,5619999.8856,2019-11-27T13:53:25.952000Z
620,1.1000200000000002,1.10004,449999.9881,2619999.8856,2019-11-27T13:53:26.053000Z
621,1.1000100000000002,1.10004,2400000.0954,3369999.8856,2019-11-27T13:53:26.154000Z
622,1.1000100000000002,1.10003,2400000.0954,750000.0,2019-11-27T13:53:26.381000Z
623,1.1000200000000002,1.10004,100000.0015,3450000.0477,2019-11-27T13:53:26.482000Z
624,1.1000100000000002,1.10003,2319999.9332,750000.0,2019-11-27T13:53:26.583000Z
625,1.1000100000000002,1.10004,1200000.0477,2619999.8856,2019-11-27T13:53:27.411000Z
626,1.1000200000000002,1.10004,1970000.0286,2250000.0,2019-11-27T13:53:27.856000Z
627,1.1000200000000002,1.10003,1950000.0477,750000.0,2019-11-27T13:53:28.110000Z
628,1.1000200000000002,1.10004,449999.9881,750000.0,2019-11-27T13:53:30.187000Z
629,1.10003,1.10004,100000.0015,750000.0,2019-11-27T13:53:30.288000Z
630,1.1000200000000002,1.10004,100000.0015,750000.0,2019-11-27T13:53:30.504000Z
631,1.10004,1.10005,2319999.9332,2619999.8856,2019-11-27T13:53:35.339000Z
632,1.10005,1.10007,1570000.0525,2619999.8856,2019-11-27T13:53:35.391000Z
633,1.10007,1.10009,449999.9881,5250000.0,2019-11-27T13:53:35.519000Z
634,1.10008,1.10009,100000.0015,1500000.0,2019-11-27T13:53:35.907000Z
635,1.10007,1.10009,1200000.0477,1500000.0,2019-11-27T13:53:36.008000Z
636,1.10006,1.10009,1950000.0477,2250000.0,2019-11-27T13:53:39.798000Z
637,1.10007,1.10009,100000.0015,4869999.8856,2019-11-27T13:53:40.607000Z
638,1.10007,1.10008,449999.9881,2440000.0572,2019-11-27T13:53:40.709000Z
639,1.10005,1.10006,750000.0,1500000.0,2019-11-27T13:53:40.814000Z
640,1.10004,1.10006,449999.9881,3000000.0,2019-11-27T13:53:40.916000Z
641,1.10003,1.10005,1759999.9905,1500000.0,2019-11-27T13:53:41.034000Z
642,1.10003,1.10006,819999.9928,5510000.2289,2019-11-27T13:53:42.193000Z
643,1.10003,1.10005,449999.9881,750000.0,2019-11-27T13:53:42.295000Z
644,1.10003,1.10005,469999.9988,3750000.0,2019-11-27T13:53:42.598000Z
645,1.10004,1.10006,1690000.0572,1690000.0572,2019-11-27T13:53:43.679000Z
646,1.10005,1.10008,1460000.0381,4119999.8856,2019-11-27T13:53:43.822000Z
647,1.10006,1.10008,100000.0015,3000000.0,2019-11-27T13:53:43.924000Z
648,1.10005,1.10008,1389999.9857,2619999.8856,2019-11-27T13:53:44.025000Z
649,1.10005,1.10007,1009999.9905,750000.0,2019-11-27T13:53:44.151000Z
650,1.10004,1.10007,6260000.2289,750000.0,2019-11-27T13:53:44.285000Z
651,1.10004,1.10006,1690000.0572,2250000.0,2019-11-27T13:53:44.863000Z
652,1.10003,1.10005,1200000.0477,750000.0,2019-11-27T13:53:44.964000Z
653,1.1000200000000002,1.10003,819999.9928,1500000.0,2019-11-27T13:53:45.067000Z
654,1.1000200000000002,1.10003,449999.9881,1500000.0,2019-11-27T13:53:46.252000Z
655,1.1000100000000002,1.1000200000000002,449999.9881,750000.0,2019-11-27T13:53:46.354000Z
656,1.1000200000000002,1.10004,469999.9988,3369999.8856,2019-11-27T13:53:46.557000Z
657,1.1000200000000002,1.10004,449999.9881,750000.0,2019-11-27T13:53:46.658000Z
658,1.10003,1.10004,100000.0015,1500000.0,2019-11-27T13:53:46.760000Z
659,1.10004,1.10005,449999.9881,750000.0,2019-11-27T13:53:48.106000Z
660,1.10005,1.10007,939999.9976,1200000.0477,2019-11-27T13:53:48.157000Z
661,1.10005,1.10008,8210000.0381,1500000.0,2019-11-27T13:53:48.259000Z
662,1.10006,1.10009,2700000.0477,3750000.0,2019-11-27T13:53:48.361000Z
663,1.10006,1.10008,1950000.0477,750000.0,2019-11-27T13:53:48.463000Z
664,1.10007,1.10008,750000.0,750000.0,2019-11-27T13:53:49.884000Z
665,1.10007,1.10009,750000.0,2250000.0,2019-11-27T13:53:49.985000Z
666,1.10007,1.10008,1389999.9857,750000.0,2019-11-27T13:53:51.739000Z
667,1.10008,1.10009,100000.0015,2250000.0,2019-11-27T13:53:52.296000Z
668,1.10007,1.10008,2509999.9905,1500000.0,2019-11-27T13:53:56.005000Z
669,1.10007,1.10009,1870000.0048,2619999.8856,2019-11-27T13:53:57.679000Z
670,1.10008,1.10009,750000.0,750000.0,2019-11-27T13:54:00.146000Z
671,1.10008,1.1001,1500000.0,560000.0024,2019-11-27T13:54:00.248000Z
672,1.10009,1.1001100000000001,469999.9988,4309999.9428,2019-11-27T13:54:00.546000Z
673,1.10009,1.1001,189999.9976,750000.0,2019-11-27T13:54:01.006000Z
674,1.10008,1.1001,750000.0,189999.9976,2019-11-27T13:54:01.107000Z
675,1.10009,1.1001,100000.0015,370000.0048,2019-11-27T13:54:01.263000Z
676,1.10008,1.1001100000000001,750000.0,7010000.2289,2019-11-27T13:54:01.364000Z
677,1.10008,1.1001,750000.0,1690000.0572,2019-11-27T13:54:01.466000Z
678,1.10007,1.10009,1500000.0,1950000.0477,2019-11-27T13:54:01.568000Z
679,1.10006,1.10009,2400000.0954,2700000.0477,2019-11-27T13:54:05.809000Z
680,1.10007,1.10009,100000.0015,2700000.0477,2019-11-27T13:54:05.910000Z
681,1.10006,1.10009,2400000.0954,2769999.9809,2019-11-27T13:54:06.039000Z
682,1.10004,1.10005,2619999.8856,2140000.1049,2019-11-27T13:54:07.194000Z
683,1.1000200000000002,1.10004,3069999.9332,750000.0,2019-11-27T13:54:07.245000Z
684,1.1000200000000002,1.10004,1200000.0477,1500000.0,2019-11-27T13:54:07.352000Z
685,1.1000200000000002,1.10003,449999.9881,750000.0,2019-11-27T13:54:07.453000Z
686,1.1000100000000002,1.10003,1759999.9905,750000.0,2019-11-27T13:54:07.606000Z
687,1.1000200000000002,1.10004,469999.9988,2250000.0,2019-11-27T13:54:13.438000Z
688,1.1000100000000002,1.10003,1460000.0381,1500000.0,2019-11-27T13:54:13.488000Z
689,1.1000200000000002,1.10004,100000.0015,750000.0,2019-11-27T13:54:14.031000Z
690,1.1000100000000002,1.10004,2210000.0381,750000.0,2019-11-27T13:54:14.133000Z
691,1.1000200000000002,1.10004,100000.0015,750000.0,2019-11-27T13:54:14.248000Z
692,1.10005,1.10006,750000.0,2700000.0477,2019-11-27T13:54:14.688000Z
693,1.10005,1.10008,2509999.9905,3819999.9332,2019-11-27T13:54:14.836000Z
694,1.10006,1.10008,750000.0,2250000.0,2019-11-27T13:54:18.556000Z
695,1.10006,1.10007,1570000.0525,750000.0,2019-11-27T13:54:22.780000Z
696,1.10005,1.10006,2700000.0477,5440000.0572,2019-11-27T13:54:22.881000Z
697,1.10003,1.10005,1200000.0477,2509999.9905,2019-11-27T13:54:22.932000Z
698,1.1000200000000002,1.10004,3150000.0954,939999.9976,2019-11-27T13:54:23.011000Z
699,1.1000100000000002,1.10003,2140000.1049,750000.0,2019-11-27T13:54:23.114000Z
700,1.1000200000000002,1.10003,449999.9881,1500000.0,2019-11-27T13:54:24.518000Z
701,1.1000200000000002,1.10004,449999.9881,2440000.0572,2019-11-27T13:54:25.149000Z
702,1.10003,1.10004,750000.0,2250000.0,2019-11-27T13:54:25.302000Z
703,1.10003,1.10005,1220000.0286,2250000.0,2019-11-27T13:54:26.286000Z
704,1.10003,1.10004,750000.0,1500000.0,2019-11-27T13:54:27.337000Z
705,1.10003,1.10005,2019999.9809,100000.0015,2019-11-27T13:54:28.152000Z
706,1.10005,1.10007,100000.0015,5250000.0,2019-11-27T13:54:28.254000Z
707,1.10007,1.10008,750000.0,750000.0,2019-11-27T13:54:28.408000Z
708,1.10007,1.10009,750000.0,3940000.0572,2019-11-27T13:54:29.384000Z
709,1.10008,1.10009,100000.0015,4690000.0572,2019-11-27T13:54:29.537000Z
710,1.10007,1.10009,1500000.0,4690000.0572,2019-11-27T13:54:30.706000Z
711,1.10008,1.10009,100000.0015,3940000.0572,2019-11-27T13:54:31.798000Z
712,1.10007,1.10009,1950000.0477,3940000.0572,2019-11-27T13:54:32.194000Z
713,1.10008,1.1001,750000.0,2509999.9905,2019-11-27T13:54:38.158000Z
714,1.10007,1.1001,3150000.0954,2509999.9905,2019-11-27T13:54:38.260000Z
715,1.10006,1.10009,449999.9881,4760000.2289,2019-11-27T13:54:38.361000Z
716,1.10006,1.10008,449999.9881,100000.0015,2019-11-27T13:54:38.652000Z
717,1.10007,1.10008,750000.0,819999.9928,2019-11-27T13:54:38.993000Z
718,1.10006,1.10008,449999.9881,819999.9928,2019-11-27T13:54:39.569000Z
719,1.10007,1.10008,449999.9881,819999.9928,2019-11-27T13:54:42.157000Z
720,1.10007,1.10009,100000.0015,4869999.8856,2019-11-27T13:54:43.315000Z
721,1.10007,1.1001,1200000.0477,6190000.0572,2019-11-27T13:54:43.474000Z
722,1.10008,1.1001,750000.0,1500000.0,2019-11-27T13:54:44.158000Z
723,1.10008,1.1001100000000001,150000.006,4389999.8665,2019-11-27T13:54:44.259000Z
724,1.10008,1.1001,519999.9809,750000.0,2019-11-27T13:54:44.361000Z
725,1.10008,1.10009,449999.9881,1500000.0,2019-11-27T13:54:44.585000Z
726,1.10007,1.10008,100000.0015,370000.0048,2019-11-27T13:54:44.687000Z
727,1.10006,1.10008,1200000.0477,1500000.0,2019-11-27T13:54:44.788000Z
728,1.10006,1.10009,100000.0015,7389999.8665,2019-11-27T13:54:48.554000Z
729,1.10006,1.10008,100000.0015,750000.0,2019-11-27T13:54:50.526000Z
730,1.10006,1.10009,100000.0015,6639999.8665,2019-11-27T13:54:50.978000Z
731,1.10006,1.10008,100000.0015,100000.0015,2019-11-27T13:54:51.224000Z
732,1.10005,1.10008,3150000.0954,2319999.9332,2019-11-27T13:54:51.619000Z
733,1.10006,1.10008,100000.0015,2319999.9332,2019-11-27T13:54:54.441000Z
734,1.10007,1.10008,939999.9976,3000000.0,2019-11-27T13:54:56.020000Z
735,1.1001100000000001,1.1001200000000002,1500000.0,1870000.0048,2019-11-27T13:54:56.072000Z
736,1.1001,1.1001100000000001,100000.0015,1009999.9905,2019-11-27T13:54:56.254000Z
737,1.10009,1.1001,449999.9881,1759999.9905,2019-11-27T13:54:56.356000Z
738,1.10008,1.1001,1200000.0477,3640000.1049,2019-11-27T13:54:56.509000Z
739,1.10008,1.10009,750000.0,939999.9976,2019-11-27T13:54:58.389000Z
740,1.10006,1.10009,2319999.9332,1389999.9857,2019-11-27T13:54:58.540000Z
741,1.10006,1.10007,1950000.0477,819999.9928,2019-11-27T13:54:58.591000Z
742,1.10005,1.10007,4010000.2289,750000.0,2019-11-27T13:55:00.107000Z
743,1.10005,1.10008,2400000.0954,4389999.8665,2019-11-27T13:55:00.310000Z
744,1.10007,1.10008,819999.9928,3000000.0,2019-11-27T13:55:03.135000Z
745,1.10007,1.10009,100000.0015,1570000.0525,2019-11-27T13:55:03.253000Z
746,1.10006,1.10008,4199999.8093,750000.0,2019-11-27T13:55:03.884000Z
747,1.10007,1.10008,100000.0015,750000.0,2019-11-27T13:55:04.078000Z
748,1.10007,1.10009,100000.0015,750000.0,2019-11-27T13:55:05.089000Z
749,1.10007,1.1001,819999.9928,4389999.8665,2019-11-27T13:55:05.400000Z
750,1.10008,1.10009,750000.0,1500000.0,2019-11-27T13:55:05.502000Z
751,1.10007,1.10009,2319999.9332,1500000.0,2019-11-27T13:55:06.445000Z
752,1.10007,1.1001,1950000.0477,3640000.1049,2019-11-27T13:55:07.536000Z
753,1.10009,1.1001100000000001,750000.0,2700000.0477,2019-11-27T13:55:10.860000Z
754,1.1001,1.1001200000000002,370000.0048,1500000.0,2019-11-27T13:55:12.149000Z
755,1.1001200000000002,1.10013,1500000.0,750000.0,2019-11-27T13:55:12.279000Z
756,1.1001400000000001,1.10015,939999.9976,750000.0,2019-11-27T13:55:12.330000Z
757,1.10016,1.10017,750000.0,750000.0,2019-11-27T13:55:12.432000Z
758,1.10016,1.10019,3150000.0954,750000.0,2019-11-27T13:55:12.533000Z
759,1.10018,1.1002,100000.0015,5889999.8665,2019-11-27T13:55:12.584000Z
760,1.10016,1.10019,3900000.0954,189999.9976,2019-11-27T13:55:12.685000Z
761,1.10016,1.10018,3900000.0954,189999.9976,2019-11-27T13:55:12.786000Z
762,1.10017,1.10018,750000.0,189999.9976,2019-11-27T13:55:12.938000Z
763,1.10016,1.10018,3819999.9332,189999.9976,2019-11-27T13:55:13.240000Z
764,1.10017,1.10018,750000.0,939999.9976,2019-11-27T13:55:13.393000Z
765,1.10016,1.10018,3450000.0477,189999.9976,2019-11-27T13:55:13.494000Z
766,1.10016,1.10019,2700000.0477,3259999.9905,2019-11-27T13:55:13.806000Z
767,1.10017,1.10019,100000.0015,1690000.0572,2019-11-27T13:55:13.907000Z
768,1.10016,1.10019,2400000.0954,1690000.0572,2019-11-27T13:55:14.076000Z
769,1.10017,1.10019,100000.0015,1690000.0572,2019-11-27T13:55:15.449000Z
770,1.10016,1.10018,2319999.9332,939999.9976,2019-11-27T13:55:16.560000Z
771,1.1001400000000001,1.10015,2700000.0477,1570000.0525,2019-11-27T13:55:20.577000Z
772,1.1001200000000002,1.10013,750000.0,750000.0,2019-11-27T13:55:20.679000Z
773,1.1001100000000001,1.10013,4090000.1526,750000.0,2019-11-27T13:55:20.781000Z
774,1.1001100000000001,1.1001200000000002,750000.0,750000.0,2019-11-27T13:55:23.348000Z
775,1.10009,1.1001100000000001,3750000.0,750000.0,2019-11-27T13:55:24.707000Z
776,1.10008,1.1001100000000001,6639999.8665,1500000.0,2019-11-27T13:55:24.808000Z
777,1.10009,1.1001100000000001,750000.0,2250000.0,2019-11-27T13:55:24.910000Z
778,1.1001,1.1001100000000001,100000.0015,1500000.0,2019-11-27T13:55:26.345000Z
779,1.1001,1.1001200000000002,1759999.9905,750000.0,2019-11-27T13:55:26.446000Z
780,1.1001,1.10013,1759999.9905,3750000.0,2019-11-27T13:55:27.266000Z
781,1.1001100000000001,1.10013,100000.0015,1500000.0,2019-11-27T13:55:27.570000Z
782,1.1001100000000001,1.1001400000000001,449999.9881,2890000.1049,2019-11-27T13:55:31.131000Z
783,1.1001100000000001,1.10013,819999.9928,750000.0,2019-11-27T13:55:33.566000Z
784,1.1001100000000001,1.1001200000000002,939999.9976,1500000.0,2019-11-27T13:55:34.502000Z
785,1.1001100000000001,1.10013,1759999.9905,1309999.9428,2019-11-27T13:55:34.654000Z
786,1.1001,1.10013,2619999.8856,939999.9976,2019-11-27T13:55:35.664000Z
787,1.1001,1.1001100000000001,750000.0,189999.9976,2019-11-27T13:55:35.715000Z
788,1.10009,1.1001100000000001,2250000.0,189999.9976,2019-11-27T13:55:35.816000Z
789,1.10008,1.1001100000000001,5059999.9428,189999.9976,2019-11-27T13:55:39.374000Z
790,1.10009,1.1001100000000001,1500000.0,189999.9976,2019-11-27T13:55:41.688000Z
791,1.1001,1.1001100000000001,750000.0,3190000.0572,2019-11-27T13:55:41.790000Z
792,1.1001,1.1001200000000002,819999.9928,1500000.0,2019-11-27T13:55:41.992000Z
793,1.1001100000000001,1.10013,750000.0,2319999.9332,2019-11-27T13:55:42.142000Z
794,1.1001200000000002,1.10013,750000.0,1500000.0,2019-11-27T13:55:42.445000Z
795,1.1001100000000001,1.10013,3000000.0,1500000.0,2019-11-27T13:55:45.294000Z
796,1.1001100000000001,1.1001200000000002,750000.0,100000.0015,2019-11-27T13:55:45.395000Z
797,1.1001100000000001,1.10013,750000.0,2619999.8856,2019-11-27T13:55:46.485000Z
798,1.1001100000000001,1.1001200000000002,750000.0,750000.0,2019-11-27T13:55:47.598000Z
799,1.1001100000000001,1.10013,2250000.0,750000.0,2019-11-27T13:55:48.007000Z
800,1.1001200000000002,1.10013,370000.0048,750000.0,2019-11-27T13:55:48.108000Z
801,1.1001200000000002,1.1001400000000001,1200000.0477,3190000.0572,2019-11-27T13:55:48.209000Z
802,1.1001400000000001,1.10015,1500000.0,3450000.0477,2019-11-27T13:55:50.078000Z
803,1.10015,1.10016,750000.0,100000.0015,2019-11-27T13:55:50.129000Z
804,1.10015,1.10018,4570000.1717,2140000.1049,2019-11-27T13:55:50.230000Z
805,1.10017,1.10018,750000.0,750000.0,2019-11-27T13:55:50.332000Z
806,1.10017,1.10019,750000.0,1690000.0572,2019-11-27T13:55:50.433000Z
807,1.10017,1.1002,2250000.0,1389999.9857,2019-11-27T13:55:50.854000Z
808,1.10019,1.1002100000000001,750000.0,3190000.0572,2019-11-27T13:55:50.957000Z
809,1.10018,1.1002100000000001,1120000.0048,3190000.0572,2019-11-27T13:55:51.159000Z
810,1.10017,1.1002100000000001,5889999.8665,3259999.9905,2019-11-27T13:55:51.965000Z
811,1.10018,1.1002,750000.0,750000.0,2019-11-27T13:55:52.405000Z
812,1.10017,1.1002,3369999.8856,189999.9976,2019-11-27T13:55:52.783000Z
813,1.10017,1.10019,750000.0,1200000.0477,2019-11-27T13:55:52.884000Z
814,1.10017,1.10018,819999.9928,750000.0,2019-11-27T13:55:52.986000Z
815,1.10016,1.10019,750000.0,2589999.9142,2019-11-27T13:55:53.087000Z
816,1.10017,1.10019,3190000.0572,2210000.0381,2019-11-27T13:55:53.428000Z
817,1.10015,1.10017,2140000.1049,189999.9976,2019-11-27T13:55:54.143000Z
818,1.10015,1.10017,939999.9976,2140000.1049,2019-11-27T13:55:54.245000Z
819,1.10015,1.10017,189999.9976,3190000.0572,2019-11-27T13:55:54.498000Z
820,1.1001400000000001,1.10017,750000.0,1759999.9905,2019-11-27T13:55:56.230000Z
821,1.10013,1.10016,1870000.0048,3190000.0572,2019-11-27T13:55:56.478000Z
822,1.10013,1.10015,370000.0048,1120000.0048,2019-11-27T13:55:56.580000Z
823,1.1001200000000002,1.10015,1500000.0,4010000.2289,2019-11-27T13:55:56.918000Z
824,1.1001100000000001,1.10013,1120000.0048,1120000.0048,2019-11-27T13:55:57.026000Z
825,1.1001,1.1001200000000002,4199999.8093,750000.0,2019-11-27T13:55:59.126000Z
826,1.1001100000000001,1.1001200000000002,750000.0,750000.0,2019-11-27T13:55:59.227000Z
827,1.1001,1.1001100000000001,3069999.9332,750000.0,2019-11-27T13:56:00.492000Z
828,1.10009,1.1001,1090000.0334,1500000.0,2019-11-27T13:56:00.543000Z
829,1.1001,1.1001100000000001,1009999.9905,750000.0,2019-11-27T13:56:00.644000Z
830,1.1001100000000001,1.1001200000000002,2700000.0477,750000.0,2019-11-27T13:56:00.897000Z
831,1.1001100000000001,1.10013,2700000.0477,2019999.9809,2019-11-27T13:56:00.999000Z
832,1.1001100000000001,1.1001200000000002,449999.9881,189999.9976,2019-11-27T13:56:08.101000Z
833,1.10009,1.1001,449999.9881,750000.0,2019-11-27T13:56:08.152000Z
834,1.10007,1.10009,1009999.9905,259999.9905,2019-11-27T13:56:08.254000Z
835,1.10007,1.10008,189999.9976,2319999.9332,2019-11-27T13:56:08.361000Z
836,1.10006,1.10007,259999.9905,750000.0,2019-11-27T13:56:08.463000Z
837,1.10008,1.10009,2319999.9332,1950000.0477,2019-11-27T13:56:09.231000Z
838,1.10008,1.10009,819999.9928,750000.0,2019-11-27T13:56:09.334000Z
839,1.10007,1.10009,3369999.8856,750000.0,2019-11-27T13:56:10.055000Z
840,1.10008,1.10009,2250000.0,1500000.0,2019-11-27T13:56:11.497000Z
841,1.1001,1.1001100000000001,750000.0,1200000.0477,2019-11-27T13:56:11.600000Z
842,1.10009,1.1001100000000001,819999.9928,750000.0,2019-11-27T13:56:11.701000Z
843,1.1001,1.1001100000000001,1759999.9905,100000.0015,2019-11-27T13:56:13Z
844,1.1001,1.1001200000000002,2509999.9905,750000.0,2019-11-27T13:56:13.102000Z
845,1.1001100000000001,1.1001200000000002,1500000.0,750000.0,2019-11-27T13:56:13.203000Z
846,1.1001100000000001,1.10013,1500000.0,2250000.0,2019-11-27T13:56:13.456000Z
847,1.1001,1.10013,2890000.1049,1500000.0,2019-11-27T13:56:13.587000Z
848,1.1001100000000001,1.10013,1120000.0048,750000.0,2019-11-27T13:56:14.075000Z
849,1.1001100000000001,1.1001200000000002,1120000.0048,449999.9881,2019-11-27T13:56:14.592000Z
850,1.1001100000000001,1.10013,1870000.0048,2769999.9809,2019-11-27T13:56:14.996000Z
851,1.1001,1.1001100000000001,750000.0,100000.0015,2019-11-27T13:56:15.097000Z
852,1.10009,1.1001100000000001,370000.0048,819999.9928,2019-11-27T13:56:15.148000Z
853,1.10009,1.1001,370000.0048,750000.0,2019-11-27T13:56:15.199000Z
854,1.10008,1.1001,1950000.0477,750000.0,2019-11-27T13:56:15.906000Z
855,1.10009,1.1001,1200000.0477,819999.9928,2019-11-27T13:56:16.424000Z
856,1.1001,1.1001100000000001,189999.9976,1200000.0477,2019-11-27T13:56:16.475000Z
857,1.1001100000000001,1.1001200000000002,1690000.0572,449999.9881,2019-11-27T13:56:16.576000Z
858,1.1001200000000002,1.10013,1570000.0525,750000.0,2019-11-27T13:56:16.678000Z
859,1.10013,1.1001400000000001,1120000.0048,2250000.0,2019-11-27T13:56:16.779000Z
860,1.10013,1.10015,5510000.2289,1759999.9905,2019-11-27T13:56:17.647000Z
861,1.1001400000000001,1.10015,750000.0,189999.9976,2019-11-27T13:56:17.798000Z
862,1.10013,1.10015,5510000.2289,189999.9976,2019-11-27T13:56:18.067000Z
863,1.1001200000000002,1.10015,1120000.0048,2440000.0572,2019-11-27T13:56:18.283000Z
864,1.1001200000000002,1.1001400000000001,1870000.0048,449999.9881,2019-11-27T13:56:18.385000Z
865,1.1001200000000002,1.10013,189999.9976,449999.9881,2019-11-27T13:56:18.742000Z
866,1.1001100000000001,1.10013,1950000.0477,750000.0,2019-11-27T13:56:19.971000Z
867,1.1001200000000002,1.1001400000000001,750000.0,1759999.9905,2019-11-27T13:56:20.072000Z
868,1.1001200000000002,1.10013,1500000.0,750000.0,2019-11-27T13:56:20.173000Z
869,1.1001200000000002,1.1001400000000001,2619999.8856,2140000.1049,2019-11-27T13:56:21.109000Z
870,1.1001100000000001,1.10013,1120000.0048,1200000.0477,2019-11-27T13:56:21.525000Z
871,1.1001,1.10013,2509999.9905,1950000.0477,2019-11-27T13:56:21.626000Z
872,1.1001100000000001,1.10013,189999.9976,2140000.1049,2019-11-27T13:56:25.370000Z
873,1.1001,1.1001200000000002,3559999.9428,750000.0,2019-11-27T13:56:25.471000Z
874,1.1001,1.1001200000000002,3190000.0572,750000.0,2019-11-27T13:56:26.435000Z
875,1.1001,1.1001200000000002,6190000.0572,750000.0,2019-11-27T13:56:26.889000Z
876,1.1001,1.1001200000000002,5960000.0381,750000.0,2019-11-27T13:56:28.089000Z
877,1.1001,1.10013,5960000.0381,1500000.0,2019-11-27T13:56:30.167000Z
878,1.1001200000000002,1.10015,3750000.0,939999.9976,2019-11-27T13:56:31.218000Z
879,1.10013,1.10015,1870000.0048,1690000.0572,2019-11-27T13:56:31.319000Z
880,1.10013,1.10015,4570000.1717,1500000.0,2019-11-27T13:56:31.421000Z
881,1.10013,1.10015,3099999.9046,1500000.0,2019-11-27T13:56:31.524000Z
882,1.10013,1.10015,2619999.8856,1500000.0,2019-11-27T13:56:31.648000Z
883,1.1001200000000002,1.10015,6449999.8093,2250000.0,2019-11-27T13:56:32.515000Z
884,1.10013,1.10015,100000.0015,1690000.0572,2019-11-27T13:56:34.070000Z
885,1.1001400000000001,1.10015,100000.0015,189999.9976,2019-11-27T13:56:34.420000Z
886,1.10013,1.10015,1269999.9809,189999.9976,2019-11-27T13:56:34.521000Z
887,1.10015,1.10016,100000.0015,1500000.0,2019-11-27T13:56:35.001000Z
888,1.10013,1.10016,2960000.0381,1500000.0,2019-11-27T13:56:35.153000Z
889,1.1001400000000001,1.10016,750000.0,750000.0,2019-11-27T13:56:36.025000Z
890,1.10013,1.10015,449999.9881,3190000.0572,2019-11-27T13:56:36.405000Z
891,1.1001200000000002,1.1001400000000001,1500000.0,1500000.0,2019-11-27T13:56:36.506000Z
892,1.1001200000000002,1.10013,750000.0,189999.9976,2019-11-27T13:56:36.771000Z
893,1.10013,1.1001400000000001,1840000.0334,1500000.0,2019-11-27T13:56:38.094000Z
894,1.10016,1.10017,189999.9976,100000.0015,2019-11-27T13:56:38.215000Z
895,1.10016,1.10018,709999.9785,2140000.1049,2019-11-27T13:56:38.317000Z
896,1.10017,1.10018,449999.9881,639999.9857,2019-11-27T13:56:38.418000Z
897,1.10018,1.10019,750000.0,1690000.0572,2019-11-27T13:56:41.274000Z
898,1.10018,1.1002,750000.0,2250000.0,2019-11-27T13:56:41.326000Z
899,1.10019,1.1002,750000.0,189999.9976,2019-11-27T13:56:42.081000Z
900,1.10019,1.1002100000000001,259999.9905,1690000.0572,2019-11-27T13:56:42.229000Z
901,1.1002,1.1002100000000001,100000.0015,939999.9976,2019-11-27T13:56:42.998000Z
902,1.10019,1.1002100000000001,100000.0015,4760000.2289,2019-11-27T13:56:43.099000Z
903,1.10018,1.1002,449999.9881,2250000.0,2019-11-27T13:56:43.249000Z
904,1.10017,1.10018,750000.0,750000.0,2019-11-27T13:56:45.823000Z
905,1.10017,1.10019,1220000.0286,1690000.0572,2019-11-27T13:56:48.215000Z
906,1.10017,1.10018,1200000.0477,750000.0,2019-11-27T13:56:51.222000Z
907,1.10017,1.10019,449999.9881,1690000.0572,2019-11-27T13:56:51.554000Z
908,1.10017,1.10018,449999.9881,750000.0,2019-11-27T13:56:55.027000Z
909,1.10017,1.10019,449999.9881,939999.9976,2019-11-27T13:56:55.359000Z
910,1.10017,1.10018,1200000.0477,750000.0,2019-11-27T13:56:56.118000Z
911,1.10017,1.10019,449999.9881,939999.9976,2019-11-27T13:56:56.220000Z
912,1.10017,1.1002,6340000.1526,3000000.0,2019-11-27T13:56:56.321000Z
913,1.10018,1.1002,1570000.0525,1500000.0,2019-11-27T13:56:56.422000Z
914,1.10018,1.1002100000000001,2769999.9809,1690000.0572,2019-11-27T13:56:56.675000Z
915,1.1002,1.1002100000000001,100000.0015,1500000.0,2019-11-27T13:56:57.555000Z
916,1.10018,1.1002100000000001,2890000.1049,2319999.9332,2019-11-27T13:56:57.657000Z
917,1.10019,1.1002100000000001,100000.0015,3259999.9905,2019-11-27T13:56:57.765000Z
918,1.10019,1.1002,449999.9881,750000.0,2019-11-27T13:56:58.320000Z
919,1.10019,1.1002100000000001,100000.0015,4760000.2289,2019-11-27T13:56:58.475000Z
920,1.10019,1.1002,100000.0015,750000.0,2019-11-27T13:57:00.468000Z
921,1.10019,1.1002100000000001,100000.0015,2440000.0572,2019-11-27T13:57:00.670000Z
922,1.10018,1.1002100000000001,1950000.0477,4760000.2289,2019-11-27T13:57:01.084000Z
923,1.10018,1.1002,1200000.0477,750000.0,2019-11-27T13:57:01.186000Z
924,1.10018,1.1002100000000001,1200000.0477,4010000.2289,2019-11-27T13:57:01.287000Z
925,1.10018,1.1002,819999.9928,750000.0,2019-11-27T13:57:01.439000Z
926,1.10018,1.1002,1200000.0477,939999.9976,2019-11-27T13:57:02.146000Z
927,1.10017,1.10019,1950000.0477,189999.9976,2019-11-27T13:57:02.663000Z
928,1.10018,1.10019,100000.0015,3190000.0572,2019-11-27T13:57:03.225000Z
929,1.10017,1.10019,750000.0,3190000.0572,2019-11-27T13:57:03.326000Z
930,1.10018,1.10019,750000.0,3190000.0572,2019-11-27T13:57:09.937000Z
931,1.10019,1.1002,100000.0015,750000.0,2019-11-27T13:57:10.683000Z
932,1.1002,1.1002200000000002,939999.9976,1690000.0572,2019-11-27T13:57:10.734000Z
933,1.1002,1.10023,1950000.0477,5059999.9428,2019-11-27T13:57:11.789000Z
934,1.1002100000000001,1.10023,1570000.0525,2440000.0572,2019-11-27T13:57:11.891000Z
935,1.1002200000000002,1.10023,519999.9809,189999.9976,2019-11-27T13:57:15.360000Z
936,1.1002200000000002,1.10024,1649999.9762,3559999.9428,2019-11-27T13:57:15.518000Z
937,1.10023,1.10024,100000.0015,1389999.9857,2019-11-27T13:57:16.888000Z
938,1.1002200000000002,1.10024,1120000.0048,2140000.1049,2019-11-27T13:57:16.989000Z
939,1.1002200000000002,1.10023,370000.0048,750000.0,2019-11-27T13:57:17.241000Z
940,1.1002100000000001,1.10023,2769999.9809,1690000.0572,2019-11-27T13:57:17.545000Z
941,1.1002,1.1002200000000002,4570000.1717,1870000.0048,2019-11-27T13:57:18.951000Z
942,1.10019,1.1002,750000.0,259999.9905,2019-11-27T13:57:19.053000Z
943,1.10017,1.10019,3069999.9332,1690000.0572,2019-11-27T13:57:19.154000Z
944,1.10018,1.1002,469999.9988,6190000.0572,2019-11-27T13:57:19.255000Z
945,1.10018,1.10019,449999.9881,939999.9976,2019-11-27T13:57:19.409000Z
946,1.10019,1.1002,819999.9928,370000.0048,2019-11-27T13:57:19.923000Z
947,1.1002,1.1002200000000002,1200000.0477,2440000.0572,2019-11-27T13:57:20.025000Z
948,1.1002,1.1002100000000001,449999.9881,750000.0,2019-11-27T13:57:20.328000Z
949,1.1002,1.1002200000000002,819999.9928,560000.0024,2019-11-27T13:57:21.456000Z
950,1.1002100000000001,1.1002200000000002,100000.0015,750000.0,2019-11-27T13:57:26.179000Z
951,1.1002100000000001,1.10023,709999.9785,259999.9905,2019-11-27T13:57:26.354000Z
952,1.1002200000000002,1.10023,100000.0015,259999.9905,2019-11-27T13:57:29.629000Z
953,1.1002100000000001,1.10023,2210000.0381,259999.9905,2019-11-27T13:57:29.764000Z
954,1.1002200000000002,1.10023,100000.0015,259999.9905,2019-11-27T13:57:29.883000Z
955,1.1002100000000001,1.10023,2210000.0381,259999.9905,2019-11-27T13:57:30.010000Z
956,1.1002200000000002,1.10023,1500000.0,189999.9976,2019-11-27T13:57:30.774000Z
957,1.1002100000000001,1.10023,259999.9905,189999.9976,2019-11-27T13:57:31.140000Z
958,1.1002200000000002,1.10023,100000.0015,189999.9976,2019-11-27T13:57:32.572000Z
959,1.1002100000000001,1.10023,449999.9881,189999.9976,2019-11-27T13:57:32.673000Z
960,1.1002100000000001,1.10024,449999.9881,1690000.0572,2019-11-27T13:57:34.310000Z
961,1.1002100000000001,1.10023,100000.0015,939999.9976,2019-11-27T13:57:34.855000Z
962,1.1002100000000001,1.1002200000000002,3450000.0477,189999.9976,2019-11-27T13:57:38.768000Z
963,1.1002,1.1002100000000001,1200000.0477,189999.9976,2019-11-27T13:57:38.870000Z
964,1.1002,1.1002100000000001,750000.0,750000.0,2019-11-27T13:57:38.972000Z
965,1.1002,1.1002200000000002,3259999.9905,189999.9976,2019-11-27T13:57:41.410000Z
966,1.1002100000000001,1.1002200000000002,449999.9881,189999.9976,2019-11-27T13:57:41.511000Z
967,1.1002100000000001,1.10024,3450000.0477,560000.0024,2019-11-27T13:57:41.742000Z
968,1.1002100000000001,1.10023,3450000.0477,939999.9976,2019-11-27T13:57:41.896000Z
969,1.1002100000000001,1.1002200000000002,819999.9928,370000.0048,2019-11-27T13:57:42.149000Z
970,1.1002100000000001,1.10023,1500000.0,189999.9976,2019-11-27T13:57:42.250000Z
971,1.1002200000000002,1.10023,449999.9881,189999.9976,2019-11-27T13:57:42.503000Z
972,1.1002200000000002,1.10024,449999.9881,1690000.0572,2019-11-27T13:57:42.605000Z
973,1.1002100000000001,1.10023,1950000.0477,939999.9976,2019-11-27T13:57:43.061000Z
974,1.1002100000000001,1.10023,1570000.0525,939999.9976,2019-11-27T13:57:44.052000Z
975,1.1002,1.10023,2319999.9332,3190000.0572,2019-11-27T13:57:44.418000Z
976,1.1002,1.1002200000000002,1200000.0477,750000.0,2019-11-27T13:57:44.886000Z
977,1.1002,1.1002100000000001,819999.9928,189999.9976,2019-11-27T13:57:45.171000Z
978,1.10019,1.1002,449999.9881,189999.9976,2019-11-27T13:57:45.424000Z
979,1.10018,1.1002,1570000.0525,939999.9976,2019-11-27T13:57:45.576000Z
980,1.10018,1.10019,819999.9928,189999.9976,2019-11-27T13:57:45.934000Z
981,1.10017,1.10019,4949999.8093,189999.9976,2019-11-27T13:57:46.407000Z
982,1.10018,1.10019,819999.9928,189999.9976,2019-11-27T13:57:48.497000Z
983,1.10018,1.1002,1200000.0477,750000.0,2019-11-27T13:57:48.599000Z
984,1.10019,1.1002100000000001,150000.006,750000.0,2019-11-27T13:57:49.317000Z
985,1.1002100000000001,1.10023,2250000.0,1500000.0,2019-11-27T13:57:49.459000Z
986,1.1002,1.10023,1950000.0477,1009999.9905,2019-11-27T13:57:50.129000Z
987,1.1002,1.1002200000000002,819999.9928,1759999.9905,2019-11-27T13:57:50.236000Z
988,1.10019,1.1002100000000001,1200000.0477,1690000.0572,2019-11-27T13:57:50.337000Z
989,1.10019,1.1002,750000.0,189999.9976,2019-11-27T13:57:50.439000Z
990,1.10018,1.1002,1950000.0477,189999.9976,2019-11-27T13:57:51.476000Z
991,1.10018,1.1002,3069999.9332,1690000.0572,2019-11-27T13:57:52.722000Z
992,1.10019,1.1002,750000.0,1690000.0572,2019-11-27T13:57:53.126000Z
993,1.1002,1.1002100000000001,750000.0,750000.0,2019-11-27T13:57:53.329000Z
994,1.1002100000000001,1.10023,1200000.0477,3940000.0572,2019-11-27T13:57:53.441000Z
995,1.1002100000000001,1.1002200000000002,449999.9881,750000.0,2019-11-27T13:57:54.031000Z
996,1.1002100000000001,1.10023,469999.9988,1500000.0,2019-11-27T13:57:55.458000Z
997,1.1002100000000001,1.1002200000000002,370000.0048,750000.0,2019-11-27T13:57:56.883000Z
998,1.1002200000000002,1.10023,100000.0015,1500000.0,2019-11-27T13:57:57.440000Z
999,1.1002100000000001,1.1002200000000002,449999.9881,750000.0,2019-11-27T13:57:58.636000Z
1000,1.1002200000000002,1.10023,819999.9928,750000.0,2019-11-27T13:57:59.697000Z
1001,1.1002200000000002,1.10024,3069999.9332,1690000.0572,2019-11-27T13:57:59.849000Z
1002,1.10024,1.10025,750000.0,2890000.1049,2019-11-27T13:58:00.002000Z
1003,1.10023,1.10025,4269999.9809,2059999.9428,2019-11-27T13:58:00.103000Z
1004,1.10024,1.10025,449999.9881,2809999.9428,2019-11-27T13:58:00.432000Z
1005,1.10024,1.10026,449999.9881,1009999.9905,2019-11-27T13:58:02.534000Z
1006,1.10023,1.10026,1649999.9762,1009999.9905,2019-11-27T13:58:02.636000Z
1007,1.10024,1.10026,750000.0,939999.9976,2019-11-27T13:58:06.928000Z
1008,1.10025,1.10027,1200000.0477,2250000.0,2019-11-27T13:58:07.030000Z
1009,1.10026,1.10028,819999.9928,2619999.8856,2019-11-27T13:58:14.226000Z
1010,1.10027,1.10028,100000.0015,750000.0,2019-11-27T13:58:17.636000Z
1011,1.10026,1.10028,4269999.9809,750000.0,2019-11-27T13:58:20.426000Z
1012,1.10026,1.10029,2019999.9809,1009999.9905,2019-11-27T13:58:21.271000Z
1013,1.10026,1.10028,2019999.9809,750000.0,2019-11-27T13:58:22.029000Z
1014,1.10025,1.10027,6710000.0381,750000.0,2019-11-27T13:58:22.181000Z
1015,1.10023,1.10024,1950000.0477,2250000.0,2019-11-27T13:58:22.410000Z
1016,1.1002200000000002,1.10023,750000.0,750000.0,2019-11-27T13:58:22.512000Z
1017,1.1002100000000001,1.10023,4570000.1717,750000.0,2019-11-27T13:58:22.614000Z
1018,1.1002,1.1002200000000002,469999.9988,6940000.0572,2019-11-27T13:58:53.244000Z
1019,1.10018,1.10019,2619999.8856,1500000.0,2019-11-27T13:58:53.295000Z
1020,1.10016,1.10017,1200000.0477,750000.0,2019-11-27T13:58:53.450000Z
1021,1.10015,1.10017,2140000.1049,1399999.9762,2019-11-27T13:58:53.652000Z
1022,1.10016,1.10018,100000.0015,750000.0,2019-11-27T13:58:54.555000Z
1023,1.10016,1.10019,449999.9881,3940000.0572,2019-11-27T13:58:54.656000Z
1024,1.10016,1.10018,1950000.0477,750000.0,2019-11-27T13:58:54.757000Z
1025,1.10016,1.10019,1950000.0477,5440000.0572,2019-11-27T13:58:54.887000Z
1026,1.10016,1.10018,1950000.0477,750000.0,2019-11-27T13:58:55.876000Z
1027,1.10016,1.10019,1950000.0477,5440000.0572,2019-11-27T13:58:56.088000Z
1028,1.10016,1.10018,1950000.0477,750000.0,2019-11-27T13:58:57.006000Z
1029,1.10016,1.10019,1200000.0477,4760000.2289,2019-11-27T13:58:57.107000Z
1030,1.10016,1.10018,1200000.0477,750000.0,2019-11-27T13:58:57.312000Z
1031,1.10016,1.10019,1200000.0477,4010000.2289,2019-11-27T13:58:59.265000Z
1032,1.10016,1.10018,1950000.0477,750000.0,2019-11-27T13:59:00.058000Z
1033,1.10016,1.10019,1200000.0477,3190000.0572,2019-11-27T13:59:05.608000Z
1034,1.10015,1.10016,1200000.0477,3259999.9905,2019-11-27T13:59:05.912000Z
1035,1.1001200000000002,1.1001400000000001,1950000.0477,3259999.9905,2019-11-27T13:59:06Z
1036,1.1001,1.1001100000000001,259999.9905,750000.0,2019-11-27T13:59:06.052000Z
1037,1.10009,1.1001,100000.0015,1759999.9905,2019-11-27T13:59:06.156000Z
1038,1.10008,1.10009,750000.0,1759999.9905,2019-11-27T13:59:06.257000Z
1039,1.10006,1.10009,4010000.2289,2589999.9142,2019-11-27T13:59:06.359000Z
1040,1.10007,1.10009,100000.0015,2589999.9142,2019-11-27T13:59:06.460000Z
1041,1.10006,1.10009,4010000.2289,2960000.0381,2019-11-27T13:59:06.561000Z
1042,1.10006,1.10008,4010000.2289,639999.9857,2019-11-27T13:59:06.662000Z
1043,1.10006,1.10007,449999.9881,750000.0,2019-11-27T13:59:06.936000Z
1044,1.10005,1.10007,3640000.1049,750000.0,2019-11-27T13:59:07.038000Z
1045,1.10006,1.10007,750000.0,750000.0,2019-11-27T13:59:07.306000Z
1046,1.10005,1.10007,3640000.1049,750000.0,2019-11-27T13:59:07.407000Z
1047,1.10006,1.10007,750000.0,750000.0,2019-11-27T13:59:08.728000Z
1048,1.10005,1.10007,2890000.1049,750000.0,2019-11-27T13:59:09.127000Z
1049,1.10005,1.10008,2140000.1049,1500000.0,2019-11-27T13:59:09.728000Z
1050,1.10005,1.10007,2140000.1049,750000.0,2019-11-27T13:59:09.829000Z
1051,1.10006,1.10007,750000.0,750000.0,2019-11-27T13:59:10.486000Z
1052,1.10005,1.10007,1389999.9857,750000.0,2019-11-27T13:59:10.791000Z
1053,1.10005,1.10008,1389999.9857,2250000.0,2019-11-27T13:59:10.892000Z
1054,1.10006,1.10008,100000.0015,2250000.0,2019-11-27T13:59:11.264000Z
1055,1.10005,1.10008,1389999.9857,2250000.0,2019-11-27T13:59:12.039000Z
1056,1.10004,1.10005,1570000.0525,100000.0015,2019-11-27T13:59:12.090000Z
1057,1.10005,1.10006,259999.9905,1120000.0048,2019-11-27T13:59:12.191000Z
1058,1.10006,1.10008,750000.0,2440000.0572,2019-11-27T13:59:12.243000Z
1059,1.10009,1.1001,1690000.0572,750000.0,2019-11-27T13:59:12.369000Z
1060,1.10009,1.1001,1200000.0477,939999.9976,2019-11-27T13:59:12.472000Z
1061,1.10008,1.10009,1500000.0,939999.9976,2019-11-27T13:59:12.573000Z
1062,1.10007,1.10009,3640000.1049,939999.9976,2019-11-27T13:59:12.725000Z
1063,1.10006,1.10009,2700000.0477,3190000.0572,2019-11-27T13:59:14.168000Z
1064,1.10007,1.10009,100000.0015,3190000.0572,2019-11-27T13:59:14.399000Z
1065,1.10009,1.1001,750000.0,1500000.0,2019-11-27T13:59:14.501000Z
1066,1.10009,1.1001100000000001,2700000.0477,939999.9976,2019-11-27T13:59:14.552000Z
1067,1.10009,1.1001,3450000.0477,939999.9976,2019-11-27T13:59:14.694000Z
1068,1.10007,1.10009,6889999.8665,939999.9976,2019-11-27T13:59:14.796000Z
1069,1.10007,1.10008,819999.9928,189999.9976,2019-11-27T13:59:15.655000Z
1070,1.10008,1.10009,449999.9881,1690000.0572,2019-11-27T13:59:15.757000Z
1071,1.10008,1.1001,819999.9928,3190000.0572,2019-11-27T13:59:16.826000Z
1072,1.1001,1.1001100000000001,750000.0,1690000.0572,2019-11-27T13:59:16.928000Z
1073,1.10009,1.1001,1570000.0525,189999.9976,2019-11-27T13:59:17.029000Z
1074,1.1001200000000002,1.10013,750000.0,6000000.0,2019-11-27T13:59:17.232000Z
1075,1.1001200000000002,1.10013,449999.9881,2509999.9905,2019-11-27T13:59:17.333000Z
1076,1.1001200000000002,1.10013,1200000.0477,4949999.8093,2019-11-27T13:59:17.434000Z
1077,1.1001,1.1001100000000001,1200000.0477,939999.9976,2019-11-27T13:59:17.486000Z
1078,1.10009,1.1001100000000001,1570000.0525,1690000.0572,2019-11-27T13:59:17.639000Z
1079,1.10009,1.1001,750000.0,750000.0,2019-11-27T13:59:17.849000Z
1080,1.10008,1.1001,1500000.0,3259999.9905,2019-11-27T13:59:18.458000Z
1081,1.10009,1.1001,750000.0,1690000.0572,2019-11-27T13:59:19.507000Z
1082,1.1001200000000002,1.10013,449999.9881,1200000.0477,2019-11-27T13:59:19.558000Z
1083,1.1001100000000001,1.10013,3700000.0477,750000.0,2019-11-27T13:59:19.659000Z
1084,1.10013,1.1001400000000001,750000.0,189999.9976,2019-11-27T13:59:19.710000Z
1085,1.1001200000000002,1.10013,819999.9928,819999.9928,2019-11-27T13:59:22.308000Z
1086,1.1001100000000001,1.1001200000000002,1690000.0572,750000.0,2019-11-27T13:59:22.460000Z
1087,1.1001200000000002,1.10013,1500000.0,939999.9976,2019-11-27T13:59:25.730000Z
1088,1.10015,1.10017,750000.0,1500000.0,2019-11-27T13:59:26.496000Z
1089,1.10017,1.10018,750000.0,6639999.8665,2019-11-27T13:59:26.547000Z
1090,1.10017,1.10019,750000.0,2619999.8856,2019-11-27T13:59:26.924000Z
1091,1.10016,1.10019,370000.0048,2809999.9428,2019-11-27T13:59:27.468000Z
1092,1.10015,1.10019,4199999.8093,2809999.9428,2019-11-27T13:59:27.603000Z
1093,1.10015,1.10018,4199999.8093,750000.0,2019-11-27T13:59:27.705000Z
1094,1.10016,1.10018,3819999.9332,750000.0,2019-11-27T13:59:30.525000Z
1095,1.10017,1.10019,750000.0,2440000.0572,2019-11-27T13:59:30.627000Z
1096,1.10018,1.10019,449999.9881,2250000.0,2019-11-27T13:59:30.755000Z
1097,1.10018,1.1002,100000.0015,1120000.0048,2019-11-27T13:59:31.843000Z
1098,1.10019,1.1002100000000001,449999.9881,3559999.9428,2019-11-27T13:59:31.945000Z
1099,1.10019,1.1002,449999.9881,189999.9976,2019-11-27T13:59:32.769000Z
1100,1.10019,1.1002100000000001,449999.9881,939999.9976,2019-11-27T13:59:32.871000Z
1101,1.10019,1.1002,449999.9881,189999.9976,2019-11-27T13:59:32.972000Z
1102,1.10018,1.1002,100000.0015,750000.0,2019-11-27T13:59:33.073000Z
1103,1.10018,1.1002100000000001,2250000.0,4500000.0,2019-11-27T13:59:33.175000Z
1104,1.10019,1.1002200000000002,5139999.8665,1120000.0048,2019-11-27T13:59:33.301000Z
1105,1.1002,1.1002200000000002,449999.9881,370000.0048,2019-11-27T13:59:33.403000Z
1106,1.1002,1.10023,819999.9928,1840000.0334,2019-11-27T13:59:35.773000Z
1107,1.1002100000000001,1.10023,259999.9905,2890000.1049,2019-11-27T13:59:37.051000Z
1108,1.1002200000000002,1.10023,449999.9881,189999.9976,2019-11-27T13:59:37.152000Z
1109,1.1002100000000001,1.10023,100000.0015,819999.9928,2019-11-27T13:59:45.489000Z
1110,1.1002200000000002,1.10024,1200000.0477,1690000.0572,2019-11-27T13:59:45.689000Z
1111,1.1002100000000001,1.1002200000000002,3450000.0477,750000.0,2019-11-27T13:59:49.144000Z
1112,1.1002,1.1002200000000002,3450000.0477,1500000.0,2019-11-27T13:59:49.195000Z
1113,1.1002100000000001,1.1002200000000002,750000.0,1500000.0,2019-11-27T13:59:49.672000Z
1114,1.1002,1.1002200000000002,3450000.0477,1500000.0,2019-11-27T13:59:50.051000Z
1115,1.1002,1.10023,1200000.0477,3559999.9428,2019-11-27T13:59:54.298000Z
1116,1.1002,1.1002200000000002,1200000.0477,750000.0,2019-11-27T13:59:54.399000Z
1117,1.1002,1.1002100000000001,819999.9928,2509999.9905,2019-11-27T13:59:54.502000Z
1118,1.10017,1.10019,750000.0,1120000.0048,2019-11-27T13:59:54.604000Z
1119,1.10016,1.10019,2890000.1049,1120000.0048,2019-11-27T13:59:54.794000Z
1120,1.10017,1.10019,100000.0015,1120000.0048,2019-11-27T13:59:54.923000Z
1121,1.10018,1.1002,750000.0,2319999.9332,2019-11-27T13:59:55.423000Z
1122,1.1002100000000001,1.10023,1500000.0,1500000.0,2019-11-27T13:59:55.525000Z
1123,1.1002200000000002,1.10024,750000.0,1690000.0572,2019-11-27T13:59:55.626000Z
1124,1.10023,1.10024,449999.9881,939999.9976,2019-11-27T13:59:56.899000Z
1125,1.1002200000000002,1.10024,750000.0,939999.9976,2019-11-27T13:59:57.325000Z
1126,1.10023,1.10024,100000.0015,939999.9976,2019-11-27T13:59:57.984000Z
1127,1.1002200000000002,1.10024,1200000.0477,939999.9976,2019-11-27T13:59:58.085000Z
1128,1.10023,1.10024,100000.0015,939999.9976,2019-11-27T13:59:59.304000Z
1129,1.1002200000000002,1.10024,750000.0,1309999.9428,2019-11-27T13:59:59.405000Z
1130,1.1002200000000002,1.10023,750000.0,370000.0048,2019-11-27T14:00:00.065000Z
1131,1.1002100000000001,1.10023,2700000.0477,1500000.0,2019-11-27T14:00:03.099000Z
1132,1.1002200000000002,1.10023,1200000.0477,1500000.0,2019-11-27T14:00:03.200000Z
1133,1.1002100000000001,1.10024,449999.9881,3819999.9332,2019-11-27T14:00:04.763000Z
1134,1.1002200000000002,1.10024,1200000.0477,3069999.9332,2019-11-27T14:00:05.399000Z
1135,1.1002100000000001,1.10024,3519999.9809,4500000.0,2019-11-27T14:00:06.042000Z
1136,1.1002200000000002,1.10024,100000.0015,3750000.0,2019-11-27T14:00:06.489000Z
1137,1.1002100000000001,1.10024,2769999.9809,3750000.0,2019-11-27T14:00:06.622000Z
1138,1.1002200000000002,1.10024,100000.0015,3000000.0,2019-11-27T14:00:06.836000Z
1139,1.1002100000000001,1.10024,3519999.9809,3000000.0,2019-11-27T14:00:07.612000Z
1140,1.1002200000000002,1.10024,370000.0048,3000000.0,2019-11-27T14:00:07.888000Z
1141,1.1002200000000002,1.10023,1200000.0477,750000.0,2019-11-27T14:00:08.088000Z
1142,1.10023,1.10024,100000.0015,2250000.0,2019-11-27T14:00:09.179000Z
1143,1.1002200000000002,1.10023,1870000.0048,750000.0,2019-11-27T14:00:09.280000Z
1144,1.10023,1.10024,449999.9881,2250000.0,2019-11-27T14:00:09.401000Z
1145,1.1002200000000002,1.10023,1950000.0477,750000.0,2019-11-27T14:00:09.502000Z
1146,1.1002200000000002,1.10024,819999.9928,2250000.0,2019-11-27T14:00:10.253000Z
1147,1.10023,1.10024,1200000.0477,1500000.0,2019-11-27T14:00:10.831000Z
1148,1.1002200000000002,1.10024,1200000.0477,1500000.0,2019-11-27T14:00:11.789000Z
1149,1.1002100000000001,1.10024,4650000.0954,1500000.0,2019-11-27T14:00:12.031000Z
1150,1.1002100000000001,1.1002200000000002,819999.9928,750000.0,2019-11-27T14:00:12.294000Z
1151,1.10019,1.1002,3000000.0,939999.9976,2019-11-27T14:00:12.345000Z
1152,1.10018,1.10019,819999.9928,750000.0,2019-11-27T14:00:12.396000Z
1153,1.10017,1.10019,2700000.0477,1500000.0,2019-11-27T14:00:12.764000Z
1154,1.10016,1.10019,2890000.1049,1500000.0,2019-11-27T14:00:13.538000Z
1155,1.10016,1.10018,2890000.1049,750000.0,2019-11-27T14:00:13.838000Z
1156,1.10017,1.10018,100000.0015,750000.0,2019-11-27T14:00:13.940000Z
1157,1.10016,1.10019,3640000.1049,2250000.0,2019-11-27T14:00:15.514000Z
1158,1.10017,1.10019,750000.0,3000000.0,2019-11-27T14:00:15.615000Z
1159,1.10016,1.10019,2140000.1049,2250000.0,2019-11-27T14:00:15.756000Z
1160,1.10017,1.10019,1500000.0,2250000.0,2019-11-27T14:00:15.866000Z
1161,1.10018,1.10019,1500000.0,1500000.0,2019-11-27T14:00:16.089000Z
1162,1.10017,1.10019,4269999.9809,750000.0,2019-11-27T14:00:16.243000Z
1163,1.10018,1.10019,750000.0,750000.0,2019-11-27T14:00:16.344000Z
1164,1.10017,1.10019,3339999.9142,750000.0,2019-11-27T14:00:16.680000Z
1165,1.10017,1.10019,3150000.0954,750000.0,2019-11-27T14:00:16.781000Z
1166,1.10017,1.10019,1500000.0,2440000.0572,2019-11-27T14:00:17.675000Z
1167,1.10017,1.10018,1500000.0,750000.0,2019-11-27T14:00:17.849000Z
1168,1.10018,1.10019,750000.0,1690000.0572,2019-11-27T14:00:18.321000Z
1169,1.10017,1.10018,1870000.0048,750000.0,2019-11-27T14:00:18.523000Z
1170,1.10016,1.10017,3450000.0477,1690000.0572,2019-11-27T14:00:19.193000Z
1171,1.10013,1.1001400000000001,2700000.0477,750000.0,2019-11-27T14:00:19.294000Z
1172,1.1001200000000002,1.10013,750000.0,2250000.0,2019-11-27T14:00:19.395000Z
1173,1.1001100000000001,1.1001200000000002,1500000.0,579999.9833,2019-11-27T14:00:19.497000Z
1174,1.1001,1.1001200000000002,3640000.1049,1330000.0429,2019-11-27T14:00:19.862000Z
1175,1.10009,1.1001,2700000.0477,189999.9976,2019-11-27T14:00:19.965000Z
1176,1.10009,1.1001100000000001,2250000.0,2079999.9237,2019-11-27T14:00:20.269000Z
1177,1.1001,1.1001200000000002,750000.0,1330000.0429,2019-11-27T14:00:20.398000Z
1178,1.10009,1.1001200000000002,100000.0015,2079999.9237,2019-11-27T14:00:21.005000Z
1179,1.10008,1.1001200000000002,5510000.2289,3650000.0954,2019-11-27T14:00:21.208000Z
1180,1.1001100000000001,1.10013,1500000.0,5260000.2289,2019-11-27T14:00:21.324000Z
1181,1.1001100000000001,1.10013,750000.0,1690000.0572,2019-11-27T14:00:21.741000Z
1182,1.1001100000000001,1.10013,1500000.0,2440000.0572,2019-11-27T14:00:22.326000Z
1183,1.1001,1.1001200000000002,259999.9905,750000.0,2019-11-27T14:00:22.923000Z
1184,1.1001,1.10013,2140000.1049,3000000.0,2019-11-27T14:00:23.806000Z
1185,1.1001100000000001,1.10013,750000.0,2250000.0,2019-11-27T14:00:23.908000Z
1186,1.1001200000000002,1.10013,1200000.0477,1500000.0,2019-11-27T14:00:24.211000Z
1187,1.1001400000000001,1.10016,1690000.0572,3259999.9905,2019-11-27T14:00:24.322000Z
1188,1.10016,1.10018,750000.0,4570000.1717,2019-11-27T14:00:24.427000Z
1189,1.10017,1.10018,100000.0015,2619999.8856,2019-11-27T14:00:25.161000Z
1190,1.10016,1.10018,1950000.0477,2619999.8856,2019-11-27T14:00:25.359000Z
1191,1.10017,1.10018,100000.0015,2250000.0,2019-11-27T14:00:26.589000Z
1192,1.10016,1.10018,819999.9928,1500000.0,2019-11-27T14:00:26.842000Z
1193,1.10016,1.10017,1500000.0,750000.0,2019-11-27T14:00:27.554000Z
1194,1.1001400000000001,1.10016,3450000.0477,4389999.8665,2019-11-27T14:00:28.217000Z
1195,1.10013,1.10015,750000.0,3259999.9905,2019-11-27T14:00:28.318000Z
1196,1.10013,1.1001400000000001,750000.0,370000.0048,2019-11-27T14:00:28.420000Z
1197,1.1001100000000001,1.10013,819999.9928,819999.9928,2019-11-27T14:00:31.297000Z
1198,1.10009,1.1001,750000.0,819999.9928,2019-11-27T14:00:31.409000Z
1199,1.10008,1.1001,2250000.0,1759999.9905,2019-11-27T14:00:31.510000Z
1200,1.10008,1.10009,2250000.0,189999.9976,2019-11-27T14:00:31.612000Z
1201,1.10009,1.1001,750000.0,1759999.9905,2019-11-27T14:00:31.714000Z
1202,1.10008,1.10009,2250000.0,189999.9976,2019-11-27T14:00:31.816000Z
1203,1.10009,1.1001,750000.0,1840000.0334,2019-11-27T14:00:32.532000Z
1204,1.10009,1.1001100000000001,2250000.0,2250000.0,2019-11-27T14:00:32.633000Z
1205,1.10008,1.10009,1500000.0,750000.0,2019-11-27T14:00:33.240000Z
1206,1.10007,1.10008,1950000.0477,100000.0015,2019-11-27T14:00:33.341000Z
1207,1.10008,1.10009,2140000.1049,750000.0,2019-11-27T14:00:35.013000Z
1208,1.10009,1.1001,3369999.8856,100000.0015,2019-11-27T14:00:35.153000Z
1209,1.10009,1.1001100000000001,1870000.0048,370000.0048,2019-11-27T14:00:35.254000Z
1210,1.1001100000000001,1.1001200000000002,100000.0015,4869999.8856,2019-11-27T14:00:35.953000Z
1211,1.10013,1.10015,750000.0,3259999.9905,2019-11-27T14:00:36.090000Z
1212,1.1001400000000001,1.10016,1500000.0,2509999.9905,2019-11-27T14:00:36.191000Z
1213,1.10016,1.10018,750000.0,1879999.9952,2019-11-27T14:00:36.293000Z
1214,1.10016,1.10017,750000.0,819999.9928,2019-11-27T14:00:37.022000Z
1215,1.10015,1.10017,1389999.9857,750000.0,2019-11-27T14:00:37.948000Z
1216,1.10016,1.10017,3000000.0,750000.0,2019-11-27T14:00:38.855000Z
1217,1.10016,1.10018,3450000.0477,750000.0,2019-11-27T14:00:38.956000Z
1218,1.10017,1.10018,750000.0,750000.0,2019-11-27T14:00:39.108000Z
1219,1.10016,1.10017,1500000.0,750000.0,2019-11-27T14:00:40.565000Z
1220,1.10015,1.10016,1870000.0048,1500000.0,2019-11-27T14:00:40.670000Z
1221,1.1001400000000001,1.10016,3750000.0,750000.0,2019-11-27T14:00:41.208000Z
1222,1.10016,1.10017,1500000.0,2250000.0,2019-11-27T14:00:44.051000Z
1223,1.10017,1.10019,1500000.0,2140000.1049,2019-11-27T14:00:44.102000Z
1224,1.10017,1.10018,1500000.0,750000.0,2019-11-27T14:00:44.203000Z
1225,1.10018,1.10019,750000.0,750000.0,2019-11-27T14:00:44.393000Z
1226,1.10017,1.10018,1500000.0,750000.0,2019-11-27T14:00:44.748000Z
1227,1.10016,1.10018,1799999.9523,750000.0,2019-11-27T14:00:46.151000Z
1228,1.10016,1.10017,750000.0,750000.0,2019-11-27T14:00:46.252000Z
1229,1.10015,1.10016,1500000.0,750000.0,2019-11-27T14:00:46.353000Z
1230,1.1001400000000001,1.10016,4840000.1526,750000.0,2019-11-27T14:00:47.099000Z
1231,1.10015,1.10016,370000.0048,819999.9928,2019-11-27T14:00:48.070000Z
1232,1.1001400000000001,1.10016,1950000.0477,819999.9928,2019-11-27T14:00:48.237000Z
1233,1.10015,1.10016,750000.0,1570000.0525,2019-11-27T14:00:48.339000Z
1234,1.1001400000000001,1.10016,2019999.9809,819999.9928,2019-11-27T14:00:48.621000Z
1235,1.10015,1.10016,1500000.0,750000.0,2019-11-27T14:00:49.845000Z
1236,1.10015,1.10017,2250000.0,1120000.0048,2019-11-27T14:00:49.946000Z
1237,1.10015,1.10016,2250000.0,750000.0,2019-11-27T14:00:50.360000Z
1238,1.10015,1.10017,750000.0,750000.0,2019-11-27T14:00:51.682000Z
1239,1.10015,1.10016,750000.0,100000.0015,2019-11-27T14:00:51.783000Z
1240,1.10015,1.10017,939999.9976,750000.0,2019-11-27T14:00:52.955000Z
1241,1.10016,1.10017,750000.0,750000.0,2019-11-27T14:00:53.057000Z
1242,1.10015,1.10016,2700000.0477,750000.0,2019-11-27T14:00:54.141000Z
1243,1.10013,1.1001400000000001,1570000.0525,1500000.0,2019-11-27T14:00:58.111000Z
1244,1.10013,1.1001400000000001,750000.0,2250000.0,2019-11-27T14:00:58.213000Z
1245,1.1001100000000001,1.1001400000000001,3369999.8856,1269999.9809,2019-11-27T14:00:59.173000Z
1246,1.1001200000000002,1.10013,750000.0,1500000.0,2019-11-27T14:00:59.309000Z
1247,1.1001100000000001,1.10013,3369999.8856,1500000.0,2019-11-27T14:00:59.410000Z
1248,1.1001200000000002,1.10013,750000.0,819999.9928,2019-11-27T14:00:59.512000Z
1249,1.1001200000000002,1.1001400000000001,750000.0,1870000.0048,2019-11-27T14:00:59.613000Z
1250,1.1001100000000001,1.1001400000000001,5400000.0954,1120000.0048,2019-11-27T14:00:59.878000Z
1251,1.1001200000000002,1.1001400000000001,750000.0,1120000.0048,2019-11-27T14:01:01.087000Z
1252,1.1001100000000001,1.1001400000000001,4949999.8093,1200000.0477,2019-11-27T14:01:01.279000Z
1253,1.1001200000000002,1.1001400000000001,750000.0,1950000.0477,2019-11-27T14:01:01.888000Z
1254,1.1001100000000001,1.1001400000000001,6449999.8093,1200000.0477,2019-11-27T14:01:02.886000Z
1255,1.1001100000000001,1.10013,4869999.8856,750000.0,2019-11-27T14:01:03.109000Z
1256,1.1001200000000002,1.10013,750000.0,750000.0,2019-11-27T14:01:03.243000Z
1257,1.1001100000000001,1.10013,4869999.8856,750000.0,2019-11-27T14:01:03.744000Z
1258,1.1001200000000002,1.10013,100000.0015,750000.0,2019-11-27T14:01:04.061000Z
1259,1.1001200000000002,1.1001400000000001,819999.9928,1200000.0477,2019-11-27T14:01:06.599000Z
1260,1.1001100000000001,1.1001400000000001,4570000.1717,819999.9928,2019-11-27T14:01:08.197000Z
1261,1.1001200000000002,1.1001400000000001,750000.0,1570000.0525,2019-11-27T14:01:08.395000Z
1262,1.1001100000000001,1.1001400000000001,5769999.9809,750000.0,2019-11-27T14:01:08.689000Z
1263,1.1001200000000002,1.1001400000000001,370000.0048,1500000.0,2019-11-27T14:01:08.791000Z
1264,1.1001200000000002,1.10013,750000.0,100000.0015,2019-11-27T14:01:09.670000Z
1265,1.1001100000000001,1.10013,3900000.0954,100000.0015,2019-11-27T14:01:09.771000Z
1266,1.1001100000000001,1.1001400000000001,3900000.0954,1870000.0048,2019-11-27T14:01:11.771000Z
1267,1.1001200000000002,1.1001400000000001,1500000.0,2700000.0477,2019-11-27T14:01:12.136000Z
1268,1.1001200000000002,1.10013,1500000.0,750000.0,2019-11-27T14:01:12.574000Z
1269,1.1001100000000001,1.10013,2400000.0954,750000.0,2019-11-27T14:01:12.964000Z
1270,1.1001,1.1001200000000002,3519999.9809,3000000.0,2019-11-27T14:01:19.809000Z
1271,1.10009,1.1001,1200000.0477,1500000.0,2019-11-27T14:01:19.860000Z
1272,1.10007,1.1001,639999.9857,1500000.0,2019-11-27T14:01:20.011000Z
1273,1.10007,1.10009,750000.0,1500000.0,2019-11-27T14:01:20.732000Z
1274,1.10006,1.10009,3069999.9332,750000.0,2019-11-27T14:01:20.833000Z
1275,1.10007,1.10009,750000.0,2250000.0,2019-11-27T14:01:21.651000Z
1276,1.10006,1.10009,3819999.9332,1500000.0,2019-11-27T14:01:21.879000Z
1277,1.10007,1.10009,750000.0,819999.9928,2019-11-27T14:01:22.184000Z
1278,1.10007,1.10008,750000.0,750000.0,2019-11-27T14:01:22.770000Z
1279,1.10007,1.10009,1120000.0048,3519999.9809,2019-11-27T14:01:23.468000Z
1280,1.10007,1.10008,750000.0,750000.0,2019-11-27T14:01:24.650000Z
1281,1.10007,1.10009,750000.0,2319999.9332,2019-11-27T14:01:30.560000Z
1282,1.10007,1.10008,750000.0,100000.0015,2019-11-27T14:01:32.661000Z
1283,1.10006,1.10007,1950000.0477,750000.0,2019-11-27T14:01:33.278000Z
1284,1.10006,1.10008,2319999.9332,1200000.0477,2019-11-27T14:01:33.430000Z
1285,1.10006,1.10009,2250000.0,4460000.0381,2019-11-27T14:01:33.711000Z
1286,1.10007,1.10009,819999.9928,189999.9976,2019-11-27T14:01:34.103000Z
1287,1.10008,1.10009,750000.0,189999.9976,2019-11-27T14:01:34.204000Z
1288,1.10008,1.1001,750000.0,4119999.8856,2019-11-27T14:01:34.310000Z
1289,1.10009,1.1001100000000001,4010000.2289,2319999.9332,2019-11-27T14:01:34.635000Z
1290,1.1001200000000002,1.10013,750000.0,189999.9976,2019-11-27T14:01:34.686000Z
1291,1.1001200000000002,1.1001400000000001,1500000.0,750000.0,2019-11-27T14:01:34.804000Z
1292,1.1001200000000002,1.10015,750000.0,5590000.1526,2019-11-27T14:01:34.919000Z
1293,1.1001200000000002,1.1001400000000001,1500000.0,750000.0,2019-11-27T14:01:35.530000Z
1294,1.1001200000000002,1.10013,750000.0,370000.0048,2019-11-27T14:01:35.804000Z
1295,1.1001200000000002,1.1001400000000001,750000.0,1870000.0048,2019-11-27T14:01:36.947000Z
1296,1.1001200000000002,1.10015,1500000.0,5139999.8665,2019-11-27T14:01:37.947000Z
1297,1.1001400000000001,1.10016,100000.0015,3069999.9332,2019-11-27T14:01:38.149000Z
1298,1.10013,1.10016,2589999.9142,449999.9881,2019-11-27T14:01:38.251000Z
1299,1.10016,1.10017,750000.0,3259999.9905,2019-11-27T14:01:38.616000Z
1300,1.10015,1.10017,939999.9976,2440000.0572,2019-11-27T14:01:38.767000Z
1301,1.10015,1.10016,939999.9976,750000.0,2019-11-27T14:01:39.229000Z
1302,1.1001400000000001,1.10015,750000.0,3819999.9332,2019-11-27T14:01:40.076000Z
1303,1.1001200000000002,1.10013,1500000.0,370000.0048,2019-11-27T14:01:40.178000Z
1304,1.10013,1.1001400000000001,750000.0,3150000.0954,2019-11-27T14:01:40.606000Z
1305,1.1001200000000002,1.1001400000000001,750000.0,1649999.9762,2019-11-27T14:01:40.707000Z
1306,1.1001200000000002,1.10013,750000.0,100000.0015,2019-11-27T14:01:40.809000Z
1307,1.1001200000000002,1.1001400000000001,750000.0,819999.9928,2019-11-27T14:01:40.910000Z
1308,1.1001400000000001,1.10015,750000.0,100000.0015,2019-11-27T14:01:41.108000Z
1309,1.1001400000000001,1.10016,750000.0,1840000.0334,2019-11-27T14:01:41.210000Z
1310,1.1001400000000001,1.10015,750000.0,750000.0,2019-11-27T14:01:41.430000Z
1311,1.10013,1.1001400000000001,1570000.0525,1500000.0,2019-11-27T14:01:45.057000Z
1312,1.1001100000000001,1.1001200000000002,1950000.0477,750000.0,2019-11-27T14:01:45.108000Z
1313,1.1001100000000001,1.1001200000000002,750000.0,1500000.0,2019-11-27T14:01:45.210000Z
1314,1.10009,1.1001,1200000.0477,1120000.0048,2019-11-27T14:01:45.312000Z
1315,1.10008,1.10009,750000.0,819999.9928,2019-11-27T14:01:46.859000Z
1316,1.10007,1.10009,750000.0,1200000.0477,2019-11-27T14:01:47.112000Z
1317,1.10006,1.10008,2700000.0477,100000.0015,2019-11-27T14:01:47.213000Z
1318,1.10006,1.10009,1500000.0,4650000.0954,2019-11-27T14:01:47.314000Z
1319,1.10006,1.10008,1500000.0,100000.0015,2019-11-27T14:01:48.237000Z
1320,1.10007,1.10008,1500000.0,819999.9928,2019-11-27T14:01:48.516000Z
1321,1.10006,1.10009,1500000.0,3519999.9809,2019-11-27T14:01:49.202000Z
1322,1.10007,1.10009,750000.0,3519999.9809,2019-11-27T14:01:49.513000Z
