,bid,ask,bid_vol,ask_vol,time
0,1.1337700000000002,1.13379,1120000.0048,1500000.0,2018-10-31T12:45:00.062000Z
1,1.13376,1.13379,4010000.2289,1120000.0048,2018-10-31T12:45:00.572000Z
2,1.13376,1.13378,1000000.0,1000000.0,2018-10-31T12:45:02.866000Z
3,1.13376,1.13379,1690000.0572,3369999.8856,2018-10-31T12:45:03.386000Z
4,1.13376,1.13379,4199999.8093,1000000.0,2018-10-31T12:45:05.403000Z
5,1.13376,1.1338000000000001,5699999.8093,2250000.0,2018-10-31T12:45:06.433000Z
6,1.13378,1.1338000000000001,1000000.0,3000000.0,2018-10-31T12:45:06.693000Z
7,1.13379,1.13382,1870000.0048,4889999.8665,2018-10-31T12:45:07.220000Z
8,1.1337700000000002,1.1338000000000001,2509999.9905,1500000.0,2018-10-31T12:45:07.431000Z
9,1.13378,1.1338000000000001,1000000.0,2250000.0,2018-10-31T12:45:07.938000Z
10,1.1337700000000002,1.1338000000000001,4760000.2289,1000000.0,2018-10-31T12:45:08.482000Z
11,1.13379,1.13381,1570000.0525,2440000.0572,2018-10-31T12:45:08.932000Z
12,1.13378,1.1338000000000001,1200000.0477,1000000.0,2018-10-31T12:45:09.462000Z
13,1.13378,1.13381,1200000.0477,2509999.9905,2018-10-31T12:45:09.977000Z
14,1.13378,1.1338000000000001,2059999.9428,1250000.0,2018-10-31T12:45:11.469000Z
15,1.13378,1.13379,1120000.0048,1000000.0,2018-10-31T12:45:11.991000Z
16,1.13378,1.1338000000000001,1120000.0048,1000000.0,2018-10-31T12:45:12.534000Z
17,1.1337700000000002,1.13381,6489999.7711,3750000.0,2018-10-31T12:45:14.099000Z
18,1.13378,1.1338000000000001,1120000.0048,1000000.0,2018-10-31T12:45:14.601000Z
19,1.13378,1.13381,1389999.9857,1500000.0,2018-10-31T12:45:16.353000Z
20,1.1337700000000002,1.1338000000000001,2319999.9332,1500000.0,2018-10-31T12:45:16.884000Z
21,1.13379,1.1338000000000001,1000000.0,1000000.0,2018-10-31T12:45:17.688000Z
22,1.13379,1.13382,2059999.9428,1000000.0,2018-10-31T12:45:17.999000Z
23,1.13379,1.1338000000000001,1200000.0477,1000000.0,2018-10-31T12:45:18.104000Z
24,1.13378,1.1338000000000001,1120000.0048,1250000.0,2018-10-31T12:45:18.606000Z
25,1.13378,1.13381,1120000.0048,1690000.0572,2018-10-31T12:45:20.229000Z
26,1.13378,1.1338000000000001,1120000.0048,1000000.0,2018-10-31T12:45:20.769000Z
27,1.13378,1.13379,1120000.0048,1000000.0,2018-10-31T12:45:24.485000Z
28,1.13378,1.1338000000000001,2569999.9332,1500000.0,2018-10-31T12:45:25.049000Z
29,1.13378,1.1338000000000001,2009999.9905,1500000.0,2018-10-31T12:45:25.552000Z
30,1.13379,1.13382,6639999.8665,1000000.0,2018-10-31T12:45:25.918000Z
31,1.13382,1.13383,1000000.0,1500000.0,2018-10-31T12:45:26.640000Z
32,1.1338000000000001,1.13382,2740000.0095,2250000.0,2018-10-31T12:45:26.797000Z
33,1.1338000000000001,1.13381,1000000.0,1000000.0,2018-10-31T12:45:27.728000Z
34,1.1338000000000001,1.13382,1000000.0,1500000.0,2018-10-31T12:45:28.229000Z
35,1.1338000000000001,1.13383,2700000.0477,1000000.0,2018-10-31T12:45:31.420000Z
36,1.1338000000000001,1.13383,4449999.8093,1000000.0,2018-10-31T12:45:32.044000Z
37,1.1338000000000001,1.13383,3069999.9332,1000000.0,2018-10-31T12:45:32.558000Z
38,1.1338000000000001,1.13384,3069999.9332,3190000.0572,2018-10-31T12:45:33.156000Z
39,1.13381,1.13384,1000000.0,3000000.0,2018-10-31T12:45:33.676000Z
40,1.1338000000000001,1.13384,3259999.9905,2440000.0572,2018-10-31T12:45:34.481000Z
41,1.1338000000000001,1.13383,2509999.9905,1000000.0,2018-10-31T12:45:35.053000Z
42,1.13381,1.13383,1000000.0,1500000.0,2018-10-31T12:45:36.911000Z
43,1.1338000000000001,1.13383,4010000.2289,1500000.0,2018-10-31T12:45:37.455000Z
44,1.1338000000000001,1.13381,1000000.0,1250000.0,2018-10-31T12:45:37.879000Z
45,1.13378,1.1338000000000001,1500000.0,3000000.0,2018-10-31T12:45:38.194000Z
46,1.13378,1.13379,1570000.0525,1000000.0,2018-10-31T12:45:38.744000Z
47,1.1337700000000002,1.13379,2700000.0477,1000000.0,2018-10-31T12:45:40.102000Z
48,1.13379,1.1338000000000001,2250000.0,1500000.0,2018-10-31T12:45:40.429000Z
49,1.13378,1.1338000000000001,1950000.0477,1000000.0,2018-10-31T12:45:41.491000Z
50,1.13378,1.13379,1000000.0,1500000.0,2018-10-31T12:45:43.770000Z
51,1.13376,1.1337700000000002,1000000.0,1000000.0,2018-10-31T12:45:44.032000Z
52,1.13374,1.1337700000000002,1269999.9809,1000000.0,2018-10-31T12:45:44.171000Z
53,1.13374,1.1337700000000002,2019999.9809,1500000.0,2018-10-31T12:45:44.693000Z
54,1.13374,1.13375,1100000.0238,1000000.0,2018-10-31T12:45:45.195000Z
55,1.13372,1.13374,1000000.0,1000000.0,2018-10-31T12:45:45.250000Z
56,1.13371,1.13372,1000000.0,1500000.0,2018-10-31T12:45:45.357000Z
57,1.13368,1.1337000000000002,3259999.9905,1000000.0,2018-10-31T12:45:45.465000Z
58,1.1336700000000002,1.13369,2319999.9332,1500000.0,2018-10-31T12:45:46.472000Z
59,1.1336600000000001,1.13368,1120000.0048,1000000.0,2018-10-31T12:45:46.879000Z
60,1.1336600000000001,1.13369,1500000.0,1500000.0,2018-10-31T12:45:46.985000Z
61,1.1336600000000001,1.1337000000000002,3069999.9332,2250000.0,2018-10-31T12:45:47.521000Z
62,1.13368,1.1337000000000002,3940000.0572,1000000.0,2018-10-31T12:45:48.342000Z
63,1.13368,1.13372,7010000.2289,1500000.0,2018-10-31T12:45:48.449000Z
64,1.1337000000000002,1.13372,1000000.0,1500000.0,2018-10-31T12:45:49.594000Z
65,1.1337000000000002,1.13373,2319999.9332,1000000.0,2018-10-31T12:45:50.124000Z
66,1.13371,1.13374,1470000.0286,2250000.0,2018-10-31T12:45:50.669000Z
67,1.13371,1.13373,2700000.0477,1000000.0,2018-10-31T12:45:53.418000Z
68,1.13371,1.13374,2700000.0477,1690000.0572,2018-10-31T12:45:53.938000Z
69,1.13371,1.13372,1000000.0,1000000.0,2018-10-31T12:45:54.349000Z
70,1.13371,1.13374,1250000.0,1500000.0,2018-10-31T12:45:54.402000Z
71,1.13371,1.13374,1659999.9666,1500000.0,2018-10-31T12:45:55.002000Z
72,1.13372,1.13375,1009999.9905,1500000.0,2018-10-31T12:45:55.544000Z
73,1.13372,1.13375,1759999.9905,1500000.0,2018-10-31T12:45:56.061000Z
74,1.13375,1.13376,1000000.0,1000000.0,2018-10-31T12:45:56.353000Z
75,1.13375,1.1337700000000002,1120000.0048,1500000.0,2018-10-31T12:45:56.954000Z
76,1.13375,1.13378,4570000.1717,1000000.0,2018-10-31T12:45:58.270000Z
77,1.13375,1.13379,9479999.5422,1000000.0,2018-10-31T12:45:58.788000Z
78,1.13375,1.13376,1950000.0477,1500000.0,2018-10-31T12:45:59.130000Z
79,1.13372,1.13374,2619999.8856,1000000.0,2018-10-31T12:45:59.184000Z
80,1.13371,1.13374,3450000.0477,1690000.0572,2018-10-31T12:46:00.707000Z
81,1.13371,1.13374,2890000.1049,1500000.0,2018-10-31T12:46:01.209000Z
82,1.13372,1.13375,1250000.0,4309999.9428,2018-10-31T12:46:02.546000Z
83,1.13375,1.1337700000000002,1120000.0048,1000000.0,2018-10-31T12:46:08.770000Z
84,1.13375,1.13378,5320000.1717,1000000.0,2018-10-31T12:46:09.291000Z
85,1.13375,1.1337700000000002,1950000.0477,1690000.0572,2018-10-31T12:46:11.387000Z
86,1.13372,1.13375,1950000.0477,1500000.0,2018-10-31T12:46:11.735000Z
87,1.13372,1.13375,1200000.0477,1000000.0,2018-10-31T12:46:14.140000Z
88,1.13371,1.13375,3640000.1049,3190000.0572,2018-10-31T12:46:15.048000Z
89,1.13371,1.13374,2700000.0477,1000000.0,2018-10-31T12:46:15.568000Z
90,1.13372,1.13375,1200000.0477,3750000.0,2018-10-31T12:46:16.101000Z
91,1.13372,1.13374,1120000.0048,2250000.0,2018-10-31T12:46:18.161000Z
92,1.13371,1.13374,3819999.9332,1000000.0,2018-10-31T12:46:19.056000Z
93,1.13371,1.13374,4010000.2289,1250000.0,2018-10-31T12:46:19.563000Z
94,1.13371,1.13375,3819999.9332,6190000.0572,2018-10-31T12:46:20.715000Z
95,1.13371,1.13374,1200000.0477,1000000.0,2018-10-31T12:46:21.243000Z
96,1.1337000000000002,1.13373,7010000.2289,1000000.0,2018-10-31T12:46:23.339000Z
97,1.13372,1.13374,1120000.0048,1000000.0,2018-10-31T12:46:24.723000Z
98,1.13375,1.13379,4389999.8665,1000000.0,2018-10-31T12:46:25.007000Z
99,1.13375,1.13379,4389999.8665,1250000.0,2018-10-31T12:46:25.525000Z
100,1.13374,1.1337700000000002,3259999.9905,2619999.8856,2018-10-31T12:46:25.943000Z
101,1.13376,1.13379,1120000.0048,1120000.0048,2018-10-31T12:46:26.103000Z
102,1.1337700000000002,1.13381,7010000.2289,2250000.0,2018-10-31T12:46:26.289000Z
103,1.1338000000000001,1.13384,1950000.0477,4119999.8856,2018-10-31T12:46:26.606000Z
104,1.1338000000000001,1.13384,3450000.0477,3750000.0,2018-10-31T12:46:26.909000Z
105,1.1338000000000001,1.13384,1950000.0477,5250000.0,2018-10-31T12:46:27.013000Z
106,1.1338000000000001,1.13382,2700000.0477,2440000.0572,2018-10-31T12:46:27.432000Z
107,1.13382,1.13385,1870000.0048,4570000.1717,2018-10-31T12:46:29.640000Z
108,1.13388,1.1339000000000001,1370000.0048,19770000.4578,2018-10-31T12:46:30.023000Z
109,1.13389,1.1339100000000002,1500000.0,10170000.0763,2018-10-31T12:46:30.231000Z
110,1.13388,1.1339000000000001,1490000.0095,2500000.0,2018-10-31T12:46:30.368000Z
111,1.13385,1.13388,2319999.9332,5250000.0,2018-10-31T12:46:31Z
112,1.13386,1.13389,1950000.0477,3000000.0,2018-10-31T12:46:31.058000Z
113,1.1338700000000002,1.13388,1000000.0,1000000.0,2018-10-31T12:46:31.580000Z
114,1.13385,1.13389,2700000.0477,5250000.0,2018-10-31T12:46:32.100000Z
115,1.13382,1.13386,3640000.1049,3559999.9428,2018-10-31T12:46:32.442000Z
116,1.13382,1.13385,2890000.1049,1500000.0,2018-10-31T12:46:32.944000Z
117,1.13382,1.13385,2890000.1049,1000000.0,2018-10-31T12:46:33.495000Z
118,1.13382,1.13384,1000000.0,3940000.0572,2018-10-31T12:46:34.067000Z
119,1.1338000000000001,1.13382,1570000.0525,5059999.9428,2018-10-31T12:46:34.247000Z
120,1.13379,1.13381,1470000.0286,1000000.0,2018-10-31T12:46:34.795000Z
121,1.1337700000000002,1.13379,7949999.8093,1250000.0,2018-10-31T12:46:35.421000Z
122,1.13379,1.1338000000000001,1000000.0,1690000.0572,2018-10-31T12:46:35.746000Z
123,1.1337700000000002,1.13378,1120000.0048,1000000.0,2018-10-31T12:46:35.852000Z
124,1.13376,1.13378,1470000.0286,1000000.0,2018-10-31T12:46:36.408000Z
125,1.13376,1.1337700000000002,1200000.0477,1000000.0,2018-10-31T12:46:38.619000Z
126,1.13376,1.13379,1950000.0477,2250000.0,2018-10-31T12:46:38.672000Z
127,1.13379,1.1338000000000001,1000000.0,1000000.0,2018-10-31T12:46:38.889000Z
128,1.13379,1.13381,1000000.0,2250000.0,2018-10-31T12:46:39.432000Z
129,1.13378,1.13379,1120000.0048,1500000.0,2018-10-31T12:46:40.057000Z
130,1.13376,1.1337700000000002,1100000.0238,1000000.0,2018-10-31T12:46:40.255000Z
131,1.13375,1.13378,1120000.0048,1870000.0048,2018-10-31T12:46:40.781000Z
132,1.13375,1.13379,1950000.0477,4500000.0,2018-10-31T12:46:41.596000Z
133,1.13375,1.1337700000000002,2619999.8856,2250000.0,2018-10-31T12:46:41.939000Z
134,1.13373,1.13375,5440000.0572,1000000.0,2018-10-31T12:46:41.992000Z
135,1.13371,1.13374,1500000.0,4119999.8856,2018-10-31T12:46:42.201000Z
136,1.13371,1.13372,1000000.0,1500000.0,2018-10-31T12:46:42.254000Z
137,1.1337000000000002,1.13372,1870000.0048,1500000.0,2018-10-31T12:46:42.771000Z
138,1.1337000000000002,1.13371,3000000.0,1000000.0,2018-10-31T12:46:43.306000Z
139,1.1337000000000002,1.13372,2250000.0,1500000.0,2018-10-31T12:46:43.809000Z
140,1.1337000000000002,1.13371,1570000.0525,1500000.0,2018-10-31T12:46:45.932000Z
141,1.13369,1.1337000000000002,1500000.0,1000000.0,2018-10-31T12:46:46.484000Z
142,1.1336600000000001,1.13369,3369999.8856,3369999.8856,2018-10-31T12:46:46.539000Z
143,1.13364,1.1336600000000001,2619999.8856,1000000.0,2018-10-31T12:46:46.725000Z
144,1.13363,1.13365,4389999.8665,1500000.0,2018-10-31T12:46:46.786000Z
145,1.13365,1.1336600000000001,2619999.8856,3750000.0,2018-10-31T12:46:47.653000Z
146,1.1336700000000002,1.13369,1120000.0048,3369999.8856,2018-10-31T12:46:47.767000Z
147,1.13365,1.1337000000000002,7690000.0572,9819999.6948,2018-10-31T12:46:48.032000Z
148,1.13365,1.13368,5889999.8665,1000000.0,2018-10-31T12:46:48.528000Z
149,1.13365,1.13369,6639999.8665,1000000.0,2018-10-31T12:46:49.047000Z
150,1.1336600000000001,1.1337000000000002,1500000.0,7869999.8856,2018-10-31T12:46:49.548000Z
151,1.1336600000000001,1.13368,1500000.0,2250000.0,2018-10-31T12:46:50.462000Z
152,1.1336600000000001,1.13369,1500000.0,4500000.0,2018-10-31T12:46:51.541000Z
153,1.1336700000000002,1.1337000000000002,2809999.9428,2250000.0,2018-10-31T12:46:52.047000Z
154,1.13369,1.13371,4389999.8665,1000000.0,2018-10-31T12:46:52.365000Z
155,1.13369,1.13372,2890000.1049,2250000.0,2018-10-31T12:46:52.902000Z
156,1.1336700000000002,1.1337000000000002,5059999.9428,1000000.0,2018-10-31T12:46:53.322000Z
157,1.1336700000000002,1.13369,1000000.0,1000000.0,2018-10-31T12:46:53.849000Z
158,1.1336600000000001,1.13369,1500000.0,1870000.0048,2018-10-31T12:46:54.428000Z
159,1.13364,1.1336600000000001,3450000.0477,2500000.0,2018-10-31T12:46:54.536000Z
160,1.13363,1.13365,2059999.9428,1000000.0,2018-10-31T12:46:55.104000Z
161,1.13361,1.13364,2059999.9428,3000000.0,2018-10-31T12:46:55.713000Z
162,1.13361,1.13363,3890000.1049,1000000.0,2018-10-31T12:46:56.250000Z
163,1.13361,1.13363,1500000.0,1000000.0,2018-10-31T12:46:56.407000Z
164,1.1336000000000002,1.13362,2809999.9428,1000000.0,2018-10-31T12:46:56.933000Z
165,1.13361,1.13363,1100000.0238,2849999.9046,2018-10-31T12:46:57.466000Z
166,1.13361,1.13362,1100000.0238,1000000.0,2018-10-31T12:46:58.814000Z
167,1.13361,1.13363,1100000.0238,1350000.0238,2018-10-31T12:46:59.326000Z
168,1.13362,1.13365,2509999.9905,1500000.0,2018-10-31T12:46:59.491000Z
169,1.13364,1.1336700000000002,4690000.0572,1500000.0,2018-10-31T12:46:59.807000Z
170,1.13365,1.13369,3640000.1049,1120000.0048,2018-10-31T12:47:00.125000Z
171,1.1336600000000001,1.1337000000000002,1120000.0048,2250000.0,2018-10-31T12:47:00.756000Z
172,1.13368,1.13371,1309999.9428,1000000.0,2018-10-31T12:47:00.979000Z
173,1.13369,1.1337000000000002,1000000.0,1000000.0,2018-10-31T12:47:01.501000Z
174,1.1336700000000002,1.13368,1000000.0,1000000.0,2018-10-31T12:47:05.472000Z
175,1.1336600000000001,1.1336700000000002,1100000.0238,1000000.0,2018-10-31T12:47:06.702000Z
176,1.13364,1.13365,1000000.0,2250000.0,2018-10-31T12:47:07.053000Z
177,1.13363,1.1336600000000001,2250000.0,3000000.0,2018-10-31T12:47:07.567000Z
178,1.13363,1.13365,1500000.0,1000000.0,2018-10-31T12:47:08.024000Z
179,1.13362,1.13363,2619999.8856,5250000.0,2018-10-31T12:47:09.528000Z
180,1.1336000000000002,1.13362,4389999.8665,1000000.0,2018-10-31T12:47:09.638000Z
181,1.1336000000000002,1.13363,1690000.0572,1500000.0,2018-10-31T12:47:11.097000Z
182,1.1336000000000002,1.13362,1690000.0572,1000000.0,2018-10-31T12:47:11.598000Z
183,1.1336000000000002,1.13364,3940000.0572,6000000.0,2018-10-31T12:47:11.915000Z
184,1.13359,1.13363,3640000.1049,1500000.0,2018-10-31T12:47:12.424000Z
185,1.13361,1.13362,1000000.0,1000000.0,2018-10-31T12:47:14.346000Z
186,1.1336000000000002,1.13363,1120000.0048,3000000.0,2018-10-31T12:47:14.886000Z
187,1.13358,1.13361,5139999.8665,1000000.0,2018-10-31T12:47:15.467000Z
188,1.1335600000000001,1.13359,4949999.8093,1000000.0,2018-10-31T12:47:15.679000Z
189,1.1335600000000001,1.1336000000000002,8140000.3433,4869999.8856,2018-10-31T12:47:16.203000Z
190,1.13359,1.1336000000000002,2250000.0,1000000.0,2018-10-31T12:47:16.720000Z
191,1.13359,1.13362,3559999.9428,1000000.0,2018-10-31T12:47:17.244000Z
192,1.13359,1.13361,1500000.0,1000000.0,2018-10-31T12:47:17.989000Z
193,1.13358,1.1336000000000002,1389999.9857,1500000.0,2018-10-31T12:47:18.503000Z
194,1.1335700000000002,1.13359,3640000.1049,1000000.0,2018-10-31T12:47:19.023000Z
195,1.1335700000000002,1.1336000000000002,4760000.2289,1000000.0,2018-10-31T12:47:20.686000Z
196,1.1335700000000002,1.13361,2529999.9714,6000000.0,2018-10-31T12:47:21.228000Z
197,1.1335700000000002,1.1336000000000002,3640000.1049,1500000.0,2018-10-31T12:47:22.532000Z
198,1.1335700000000002,1.13361,5510000.2289,3000000.0,2018-10-31T12:47:23.148000Z
199,1.13358,1.1336000000000002,1120000.0048,1000000.0,2018-10-31T12:47:23.692000Z
200,1.13358,1.13361,1120000.0048,3000000.0,2018-10-31T12:47:24.353000Z
201,1.13358,1.1336000000000002,1120000.0048,1500000.0,2018-10-31T12:47:24.898000Z
202,1.1336000000000002,1.13362,1309999.9428,1000000.0,2018-10-31T12:47:25.421000Z
203,1.13361,1.13364,1000000.0,3190000.0572,2018-10-31T12:47:25.578000Z
204,1.13361,1.13364,4309999.9428,1500000.0,2018-10-31T12:47:26.086000Z
205,1.13364,1.1336600000000001,1000000.0,2700000.0477,2018-10-31T12:47:26.192000Z
206,1.13365,1.13368,2250000.0,2250000.0,2018-10-31T12:47:26.509000Z
207,1.13365,1.13369,3000000.0,5139999.8665,2018-10-31T12:47:28.323000Z
208,1.13365,1.13368,2250000.0,1000000.0,2018-10-31T12:47:28.837000Z
209,1.13363,1.1336700000000002,3640000.1049,1500000.0,2018-10-31T12:47:29.103000Z
210,1.13363,1.1336600000000001,2509999.9905,1690000.0572,2018-10-31T12:47:29.423000Z
211,1.13363,1.1336700000000002,1759999.9905,7130000.1144,2018-10-31T12:47:29.589000Z
212,1.13363,1.1336600000000001,2509999.9905,1000000.0,2018-10-31T12:47:30.721000Z
213,1.13363,1.1336700000000002,1759999.9905,4500000.0,2018-10-31T12:47:31.234000Z
214,1.13362,1.1336600000000001,4570000.1717,3559999.9428,2018-10-31T12:47:31.391000Z
215,1.13361,1.13363,1690000.0572,1500000.0,2018-10-31T12:47:31.827000Z
216,1.13359,1.13362,1950000.0477,3750000.0,2018-10-31T12:47:31.985000Z
217,1.13359,1.1336000000000002,1100000.0238,1000000.0,2018-10-31T12:47:32.182000Z
218,1.13358,1.1336000000000002,1000000.0,1500000.0,2018-10-31T12:47:33.983000Z
219,1.1335700000000002,1.13359,1870000.0048,1000000.0,2018-10-31T12:47:35.317000Z
220,1.13359,1.1336000000000002,1000000.0,3940000.0572,2018-10-31T12:47:35.970000Z
221,1.13359,1.13361,2890000.1049,1000000.0,2018-10-31T12:47:36.584000Z
222,1.13359,1.13361,1759999.9905,1000000.0,2018-10-31T12:47:37.169000Z
223,1.13359,1.13361,4760000.2289,1000000.0,2018-10-31T12:47:37.760000Z
224,1.13359,1.13361,5510000.2289,1000000.0,2018-10-31T12:47:38.402000Z
225,1.13359,1.13361,1309999.9428,1000000.0,2018-10-31T12:47:38.939000Z
226,1.13359,1.13361,1759999.9905,1000000.0,2018-10-31T12:47:39.623000Z
227,1.13359,1.13361,2140000.1049,1000000.0,2018-10-31T12:47:40.166000Z
228,1.13359,1.13361,2509999.9905,1000000.0,2018-10-31T12:47:41.680000Z
229,1.13359,1.13363,2509999.9905,17139999.3896,2018-10-31T12:47:42.217000Z
230,1.13359,1.13362,3640000.1049,6000000.0,2018-10-31T12:47:42.744000Z
231,1.13359,1.13361,1200000.0477,1000000.0,2018-10-31T12:47:43.453000Z
232,1.1335600000000001,1.13358,6070000.1717,1690000.0572,2018-10-31T12:47:43.926000Z
233,1.13355,1.13358,3069999.9332,6559999.9428,2018-10-31T12:47:43.978000Z
234,1.1335600000000001,1.13358,1100000.0238,1000000.0,2018-10-31T12:47:44.516000Z
235,1.13354,1.1335600000000001,2700000.0477,1000000.0,2018-10-31T12:47:45.104000Z
236,1.13352,1.13355,3069999.9332,1250000.0,2018-10-31T12:47:45.313000Z
237,1.13354,1.1335600000000001,2619999.8856,3000000.0,2018-10-31T12:47:45.568000Z
238,1.13353,1.1335700000000002,3819999.9332,5250000.0,2018-10-31T12:47:46.098000Z
239,1.13353,1.1335600000000001,2700000.0477,1000000.0,2018-10-31T12:47:46.619000Z
240,1.13355,1.13358,3000000.0,6000000.0,2018-10-31T12:47:47.467000Z
241,1.1335700000000002,1.13358,1000000.0,1000000.0,2018-10-31T12:47:48.569000Z
242,1.1335600000000001,1.13358,1570000.0525,1000000.0,2018-10-31T12:47:50.521000Z
243,1.1335600000000001,1.1335700000000002,1000000.0,1000000.0,2018-10-31T12:47:53.287000Z
244,1.13354,1.1335600000000001,1120000.0048,1000000.0,2018-10-31T12:47:53.340000Z
245,1.13353,1.1335700000000002,2319999.9332,11619999.8856,2018-10-31T12:47:54.767000Z
246,1.13352,1.13355,4199999.8093,1000000.0,2018-10-31T12:47:55.298000Z
247,1.13352,1.1335600000000001,3450000.0477,1250000.0,2018-10-31T12:47:55.814000Z
248,1.13351,1.13352,1100000.0238,1000000.0,2018-10-31T12:47:56.118000Z
249,1.13351,1.13355,2319999.9332,2440000.0572,2018-10-31T12:47:56.225000Z
250,1.13351,1.13354,2319999.9332,1000000.0,2018-10-31T12:47:56.747000Z
251,1.13351,1.13354,3069999.9332,1000000.0,2018-10-31T12:47:57.437000Z
252,1.13351,1.13355,3450000.0477,3000000.0,2018-10-31T12:47:58.129000Z
253,1.13353,1.1335600000000001,1000000.0,3000000.0,2018-10-31T12:47:58.647000Z
254,1.13354,1.1335600000000001,1000000.0,2250000.0,2018-10-31T12:47:59.192000Z
255,1.13354,1.13355,1000000.0,1000000.0,2018-10-31T12:47:59.985000Z
256,1.13354,1.1335600000000001,1000000.0,3190000.0572,2018-10-31T12:48:00.490000Z
257,1.13352,1.13354,1570000.0525,2500000.0,2018-10-31T12:48:00.965000Z
258,1.1335,1.13352,1000000.0,1500000.0,2018-10-31T12:48:01.070000Z
259,1.13348,1.13351,1870000.0048,1690000.0572,2018-10-31T12:48:01.231000Z
260,1.13351,1.13353,1200000.0477,4500000.0,2018-10-31T12:48:01.444000Z
261,1.13352,1.13354,2250000.0,1250000.0,2018-10-31T12:48:01.949000Z
262,1.1335,1.13351,1200000.0477,2619999.8856,2018-10-31T12:48:02.573000Z
263,1.13345,1.1334600000000001,1500000.0,3750000.0,2018-10-31T12:48:02.723000Z
264,1.13344,1.1334600000000001,1000000.0,2619999.8856,2018-10-31T12:48:03.245000Z
265,1.13344,1.1334600000000001,1000000.0,1870000.0048,2018-10-31T12:48:04.039000Z
266,1.13344,1.13345,1100000.0238,1250000.0,2018-10-31T12:48:04.606000Z
267,1.13343,1.13345,1870000.0048,1000000.0,2018-10-31T12:48:05.166000Z
268,1.13341,1.13343,1200000.0477,4389999.8665,2018-10-31T12:48:09.359000Z
269,1.1333700000000002,1.1334,5889999.8665,1000000.0,2018-10-31T12:48:09.472000Z
270,1.1333600000000001,1.1333700000000002,3450000.0477,1500000.0,2018-10-31T12:48:09.527000Z
271,1.13334,1.1333600000000001,3450000.0477,4690000.0572,2018-10-31T12:48:09.632000Z
272,1.13332,1.13335,1100000.0238,2440000.0572,2018-10-31T12:48:09.686000Z
273,1.1333600000000001,1.13338,1950000.0477,8250000.0,2018-10-31T12:48:09.994000Z
274,1.13335,1.13338,1570000.0525,1000000.0,2018-10-31T12:48:10.510000Z
275,1.13335,1.1333700000000002,1000000.0,1000000.0,2018-10-31T12:48:11.178000Z
276,1.13334,1.1333600000000001,1100000.0238,1000000.0,2018-10-31T12:48:11.958000Z
277,1.13332,1.13335,1950000.0477,1570000.0525,2018-10-31T12:48:12.067000Z
278,1.13331,1.13335,3259999.9905,4869999.8856,2018-10-31T12:48:13.142000Z
279,1.1333,1.13332,1200000.0477,1000000.0,2018-10-31T12:48:13.300000Z
280,1.13331,1.13334,1200000.0477,1000000.0,2018-10-31T12:48:13.758000Z
281,1.13333,1.13335,1000000.0,1000000.0,2018-10-31T12:48:14.021000Z
282,1.13332,1.13334,1000000.0,1000000.0,2018-10-31T12:48:14.229000Z
283,1.13333,1.13334,1000000.0,1000000.0,2018-10-31T12:48:15.075000Z
284,1.13332,1.13334,1000000.0,1500000.0,2018-10-31T12:48:15.621000Z
285,1.13331,1.13333,1100000.0238,1250000.0,2018-10-31T12:48:16.848000Z
286,1.13329,1.13333,4500000.0,1009999.9905,2018-10-31T12:48:16.955000Z
287,1.13331,1.13334,1100000.0238,1389999.9857,2018-10-31T12:48:17.412000Z
288,1.13329,1.13331,5699999.8093,2250000.0,2018-10-31T12:48:17.884000Z
289,1.1333,1.13335,1950000.0477,8140000.3433,2018-10-31T12:48:18.097000Z
290,1.13332,1.13335,1000000.0,1000000.0,2018-10-31T12:48:18.410000Z
291,1.13332,1.1333600000000001,1100000.0238,2809999.9428,2018-10-31T12:48:18.955000Z
292,1.1333600000000001,1.1334,2700000.0477,2059999.9428,2018-10-31T12:48:19.293000Z
293,1.1333700000000002,1.13341,1309999.9428,2140000.1049,2018-10-31T12:48:19.708000Z
294,1.13341,1.13343,1000000.0,1870000.0048,2018-10-31T12:48:19.926000Z
295,1.13341,1.13345,4570000.1717,1500000.0,2018-10-31T12:48:19.981000Z
296,1.13343,1.1334600000000001,1000000.0,1120000.0048,2018-10-31T12:48:20.243000Z
297,1.13343,1.1334700000000002,1000000.0,3259999.9905,2018-10-31T12:48:21.674000Z
298,1.13343,1.1334600000000001,1500000.0,1120000.0048,2018-10-31T12:48:22.242000Z
299,1.13342,1.13344,1570000.0525,1250000.0,2018-10-31T12:48:22.659000Z
300,1.13342,1.1334600000000001,2700000.0477,3259999.9905,2018-10-31T12:48:22.712000Z
301,1.13342,1.1334600000000001,4199999.8093,2809999.9428,2018-10-31T12:48:23.869000Z
302,1.13342,1.13345,3450000.0477,1250000.0,2018-10-31T12:48:24.389000Z
303,1.13344,1.1334700000000002,3000000.0,1250000.0,2018-10-31T12:48:24.567000Z
304,1.1334600000000001,1.13349,1100000.0238,3259999.9905,2018-10-31T12:48:24.883000Z
305,1.13345,1.13349,1570000.0525,1309999.9428,2018-10-31T12:48:25.454000Z
306,1.13345,1.13349,3450000.0477,1389999.9857,2018-10-31T12:48:26.132000Z
307,1.13345,1.1334700000000002,3069999.9332,1000000.0,2018-10-31T12:48:29.370000Z
308,1.13343,1.13345,1570000.0525,2059999.9428,2018-10-31T12:48:29.424000Z
309,1.13345,1.1334700000000002,1000000.0,1570000.0525,2018-10-31T12:48:32.976000Z
310,1.13352,1.13354,1000000.0,1950000.0477,2018-10-31T12:48:33.189000Z
311,1.13351,1.13355,3259999.9905,1000000.0,2018-10-31T12:48:33.983000Z
312,1.13352,1.13355,1500000.0,1000000.0,2018-10-31T12:48:34.284000Z
313,1.13352,1.1335600000000001,2319999.9332,1389999.9857,2018-10-31T12:48:37.584000Z
314,1.13352,1.1335600000000001,1870000.0048,1009999.9905,2018-10-31T12:48:38.099000Z
315,1.13352,1.1335600000000001,3640000.1049,1690000.0572,2018-10-31T12:48:38.854000Z
316,1.13354,1.1335600000000001,1000000.0,1000000.0,2018-10-31T12:48:39.478000Z
317,1.13352,1.1335600000000001,1759999.9905,2250000.0,2018-10-31T12:48:39.811000Z
318,1.13352,1.1335600000000001,1950000.0477,4570000.1717,2018-10-31T12:48:40.488000Z
319,1.13352,1.1335600000000001,2440000.0572,3640000.1049,2018-10-31T12:48:41.029000Z
320,1.13352,1.1335600000000001,1870000.0048,5889999.8665,2018-10-31T12:48:41.577000Z
321,1.13352,1.13355,1870000.0048,1500000.0,2018-10-31T12:48:42.078000Z
322,1.13352,1.1335600000000001,1500000.0,5139999.8665,2018-10-31T12:48:43.683000Z
323,1.13352,1.13355,1100000.0238,4389999.8665,2018-10-31T12:48:44.139000Z
324,1.13352,1.13355,1000000.0,1870000.0048,2018-10-31T12:48:44.641000Z
325,1.13352,1.13354,1100000.0238,1000000.0,2018-10-31T12:48:45.161000Z
326,1.1335,1.13354,5139999.8665,1309999.9428,2018-10-31T12:48:45.916000Z
327,1.1335,1.13352,1200000.0477,1000000.0,2018-10-31T12:48:46.076000Z
328,1.13351,1.13353,1000000.0,1250000.0,2018-10-31T12:48:46.618000Z
329,1.1335,1.13353,1250000.0,1000000.0,2018-10-31T12:48:47.775000Z
330,1.13349,1.13352,1950000.0477,1120000.0048,2018-10-31T12:48:49.256000Z
331,1.13351,1.13354,2250000.0,2809999.9428,2018-10-31T12:48:49.582000Z
332,1.1335,1.13351,4869999.8856,1500000.0,2018-10-31T12:48:49.945000Z
333,1.13345,1.1334600000000001,1000000.0,1250000.0,2018-10-31T12:48:50.050000Z
334,1.13342,1.13344,4570000.1717,1000000.0,2018-10-31T12:48:50.104000Z
335,1.13344,1.1334600000000001,1000000.0,2059999.9428,2018-10-31T12:48:50.279000Z
336,1.13343,1.1334600000000001,1000000.0,1120000.0048,2018-10-31T12:48:50.333000Z
337,1.13342,1.1334600000000001,3640000.1049,1120000.0048,2018-10-31T12:48:52.049000Z
338,1.13342,1.13343,1690000.0572,1000000.0,2018-10-31T12:48:52.105000Z
339,1.1333900000000001,1.13341,1500000.0,2250000.0,2018-10-31T12:48:52.210000Z
340,1.1333700000000002,1.1334,1570000.0525,2319999.9332,2018-10-31T12:48:52.475000Z
341,1.1333700000000002,1.1333900000000001,1000000.0,1000000.0,2018-10-31T12:48:53.561000Z
342,1.1333600000000001,1.1333900000000001,1200000.0477,1000000.0,2018-10-31T12:48:58.484000Z
343,1.1333600000000001,1.1334,3819999.9332,1500000.0,2018-10-31T12:48:59.032000Z
344,1.1333600000000001,1.1334,1870000.0048,6639999.8665,2018-10-31T12:48:59.563000Z
345,1.1333600000000001,1.1333900000000001,1950000.0477,1000000.0,2018-10-31T12:49:00.098000Z
346,1.13338,1.1334,1500000.0,1000000.0,2018-10-31T12:49:00.354000Z
347,1.1333700000000002,1.1334,1500000.0,1690000.0572,2018-10-31T12:49:00.884000Z
348,1.1333700000000002,1.1334,3450000.0477,1000000.0,2018-10-31T12:49:01.929000Z
349,1.13341,1.13344,1000000.0,3559999.9428,2018-10-31T12:49:02.132000Z
350,1.1333900000000001,1.13341,2250000.0,1690000.0572,2018-10-31T12:49:02.390000Z
351,1.1333900000000001,1.13341,1000000.0,1690000.0572,2018-10-31T12:49:02.934000Z
352,1.1333900000000001,1.13341,1950000.0477,1000000.0,2018-10-31T12:49:06.932000Z
353,1.1333900000000001,1.13341,1500000.0,1000000.0,2018-10-31T12:49:07.458000Z
354,1.1334,1.13341,1570000.0525,1000000.0,2018-10-31T12:49:08.651000Z
355,1.13342,1.13345,1000000.0,19950000.7629,2018-10-31T12:49:08.965000Z
356,1.13342,1.13344,1000000.0,1950000.0477,2018-10-31T12:49:09.543000Z
357,1.13343,1.13345,1000000.0,1500000.0,2018-10-31T12:49:09.596000Z
358,1.13342,1.13344,1759999.9905,1000000.0,2018-10-31T12:49:09.858000Z
359,1.13343,1.13344,1000000.0,1000000.0,2018-10-31T12:49:11.469000Z
360,1.13341,1.13344,3450000.0477,1500000.0,2018-10-31T12:49:11.526000Z
361,1.13338,1.13341,5139999.8665,2250000.0,2018-10-31T12:49:11.634000Z
362,1.13338,1.13341,1000000.0,3750000.0,2018-10-31T12:49:12.167000Z
363,1.13338,1.1334,1000000.0,1500000.0,2018-10-31T12:49:12.704000Z
364,1.1333700000000002,1.1334,2700000.0477,1000000.0,2018-10-31T12:49:14.532000Z
365,1.1333700000000002,1.1333900000000001,1120000.0048,1000000.0,2018-10-31T12:49:15.183000Z
366,1.1333700000000002,1.1334,1120000.0048,1500000.0,2018-10-31T12:49:16.642000Z
367,1.1333900000000001,1.13341,2809999.9428,1000000.0,2018-10-31T12:49:16.953000Z
368,1.13338,1.13341,1000000.0,4500000.0,2018-10-31T12:49:17.562000Z
369,1.13338,1.1334,1690000.0572,1000000.0,2018-10-31T12:49:18.145000Z
370,1.1334,1.13341,1000000.0,1000000.0,2018-10-31T12:49:18.518000Z
371,1.13341,1.13343,2059999.9428,1100000.0238,2018-10-31T12:49:18.782000Z
372,1.13341,1.13342,1000000.0,1250000.0,2018-10-31T12:49:18.836000Z
373,1.13341,1.13343,2619999.8856,1000000.0,2018-10-31T12:49:18.943000Z
374,1.13341,1.13344,1000000.0,3000000.0,2018-10-31T12:49:19.470000Z
375,1.13343,1.13344,1690000.0572,1000000.0,2018-10-31T12:49:20.373000Z
376,1.13343,1.1334600000000001,1100000.0238,1000000.0,2018-10-31T12:49:20.532000Z
377,1.13343,1.1334600000000001,1000000.0,3369999.8856,2018-10-31T12:49:21.048000Z
378,1.13343,1.1334600000000001,1000000.0,2619999.8856,2018-10-31T12:49:21.844000Z
379,1.13343,1.13345,1000000.0,1000000.0,2018-10-31T12:49:22.604000Z
380,1.13345,1.1334700000000002,1000000.0,10199999.8093,2018-10-31T12:49:22.970000Z
381,1.1334600000000001,1.13348,1000000.0,5619999.8856,2018-10-31T12:49:23.128000Z
382,1.1334600000000001,1.1334700000000002,1000000.0,1000000.0,2018-10-31T12:49:24.324000Z
383,1.1334600000000001,1.13348,1000000.0,1870000.0048,2018-10-31T12:49:24.977000Z
384,1.1334600000000001,1.13349,1000000.0,5630000.1144,2018-10-31T12:49:26.340000Z
385,1.1334600000000001,1.13348,1000000.0,1500000.0,2018-10-31T12:49:26.992000Z
386,1.1334600000000001,1.13349,1000000.0,6190000.0572,2018-10-31T12:49:27.516000Z
387,1.1334600000000001,1.13348,1000000.0,1500000.0,2018-10-31T12:49:28.060000Z
388,1.13348,1.1335,1690000.0572,1120000.0048,2018-10-31T12:49:28.267000Z
389,1.1334600000000001,1.13349,2140000.1049,1000000.0,2018-10-31T12:49:28.426000Z
390,1.1334700000000002,1.13349,1000000.0,2809999.9428,2018-10-31T12:49:28.964000Z
391,1.1334700000000002,1.13348,1000000.0,1000000.0,2018-10-31T12:49:29.789000Z
392,1.1334600000000001,1.13348,1000000.0,1000000.0,2018-10-31T12:49:30.310000Z
393,1.1334600000000001,1.13349,1000000.0,7500000.0,2018-10-31T12:49:32.216000Z
394,1.1335,1.13351,1500000.0,2700000.0477,2018-10-31T12:49:33.380000Z
395,1.1335,1.13352,1000000.0,1000000.0,2018-10-31T12:49:33.559000Z
396,1.13351,1.13353,1309999.9428,1000000.0,2018-10-31T12:49:34.164000Z
397,1.13355,1.1335600000000001,1120000.0048,1690000.0572,2018-10-31T12:49:34.218000Z
398,1.13353,1.13354,1120000.0048,1000000.0,2018-10-31T12:49:34.379000Z
399,1.13352,1.13354,1690000.0572,1000000.0,2018-10-31T12:49:35.090000Z
400,1.13353,1.13354,1000000.0,1000000.0,2018-10-31T12:49:36.509000Z
401,1.13354,1.1335600000000001,1000000.0,5250000.0,2018-10-31T12:49:36.615000Z
402,1.13354,1.13355,1000000.0,1250000.0,2018-10-31T12:49:37.613000Z
403,1.13351,1.13355,9640000.3433,1690000.0572,2018-10-31T12:49:37.667000Z
404,1.13351,1.13355,2509999.9905,1690000.0572,2018-10-31T12:49:38.255000Z
405,1.1335,1.13352,2509999.9905,1500000.0,2018-10-31T12:49:39.348000Z
406,1.1334700000000002,1.13351,5139999.8665,6260000.2289,2018-10-31T12:49:39.507000Z
407,1.1334700000000002,1.13351,3559999.9428,1500000.0,2018-10-31T12:49:40.055000Z
408,1.13351,1.13352,1000000.0,2250000.0,2018-10-31T12:49:40.751000Z
409,1.13349,1.13351,6820000.1717,5250000.0,2018-10-31T12:49:40.962000Z
410,1.1334700000000002,1.13349,3450000.0477,1000000.0,2018-10-31T12:49:41.453000Z
411,1.1334700000000002,1.1335,2509999.9905,4500000.0,2018-10-31T12:49:41.984000Z
412,1.1334700000000002,1.13348,1120000.0048,3750000.0,2018-10-31T12:49:42.286000Z
413,1.1334700000000002,1.1335,2250000.0,2250000.0,2018-10-31T12:49:42.416000Z
414,1.1334700000000002,1.1335,1570000.0525,1000000.0,2018-10-31T12:49:44.161000Z
415,1.1334700000000002,1.1335,1100000.0238,1500000.0,2018-10-31T12:49:44.811000Z
416,1.1334700000000002,1.13351,3069999.9332,4500000.0,2018-10-31T12:49:45.489000Z
417,1.1334600000000001,1.1335,5139999.8665,1500000.0,2018-10-31T12:49:45.805000Z
418,1.1334600000000001,1.13349,4389999.8665,1000000.0,2018-10-31T12:49:46.344000Z
419,1.13345,1.13349,5699999.8093,6000000.0,2018-10-31T12:49:46.562000Z
420,1.13344,1.1334700000000002,4949999.8093,1000000.0,2018-10-31T12:49:47.025000Z
421,1.13344,1.13348,3450000.0477,4500000.0,2018-10-31T12:49:47.605000Z
422,1.1334600000000001,1.13348,1389999.9857,1000000.0,2018-10-31T12:49:48.128000Z
423,1.1334700000000002,1.1335,1000000.0,3000000.0,2018-10-31T12:49:48.738000Z
424,1.13349,1.13351,1309999.9428,1000000.0,2018-10-31T12:49:49.065000Z
425,1.1335,1.13354,4949999.8093,1690000.0572,2018-10-31T12:49:49.171000Z
426,1.1335,1.13354,8699999.8093,3369999.8856,2018-10-31T12:49:49.743000Z
427,1.13349,1.13352,15819999.6948,1250000.0,2018-10-31T12:49:50.809000Z
428,1.13348,1.1335,1000000.0,7690000.0572,2018-10-31T12:49:51.071000Z
429,1.13348,1.13349,1000000.0,1000000.0,2018-10-31T12:49:52.035000Z
430,1.1334600000000001,1.13349,4199999.8093,1000000.0,2018-10-31T12:49:52.276000Z
431,1.1334700000000002,1.13349,1870000.0048,1000000.0,2018-10-31T12:49:52.803000Z
432,1.13345,1.13348,3069999.9332,2250000.0,2018-10-31T12:49:53.118000Z
433,1.13344,1.1334700000000002,1250000.0,3940000.0572,2018-10-31T12:49:53.700000Z
434,1.13344,1.1334600000000001,1309999.9428,1000000.0,2018-10-31T12:49:55.221000Z
435,1.1334700000000002,1.13348,1500000.0,1500000.0,2018-10-31T12:49:55.502000Z
436,1.1334700000000002,1.13349,1200000.0477,2250000.0,2018-10-31T12:49:56.049000Z
437,1.1333900000000001,1.1334,1120000.0048,1000000.0,2018-10-31T12:49:56.419000Z
438,1.1333700000000002,1.1334,1200000.0477,1000000.0,2018-10-31T12:49:56.895000Z
439,1.1333900000000001,1.13341,1000000.0,2250000.0,2018-10-31T12:49:57.190000Z
440,1.1333700000000002,1.1334,4010000.2289,1250000.0,2018-10-31T12:49:57.349000Z
441,1.1333900000000001,1.13341,2140000.1049,1000000.0,2018-10-31T12:49:57.562000Z
442,1.1334,1.13343,5250000.0,1120000.0048,2018-10-31T12:49:57.616000Z
443,1.1333900000000001,1.13341,3819999.9332,1000000.0,2018-10-31T12:49:57.670000Z
444,1.1333600000000001,1.13338,1200000.0477,1000000.0,2018-10-31T12:49:58.169000Z
445,1.13333,1.1333600000000001,1000000.0,1500000.0,2018-10-31T12:49:58.330000Z
446,1.13334,1.1333700000000002,1000000.0,4119999.8856,2018-10-31T12:49:58.448000Z
447,1.13334,1.13335,4690000.0572,1000000.0,2018-10-31T12:49:58.500000Z
448,1.13333,1.1333700000000002,9449999.8093,7690000.0572,2018-10-31T12:49:58.819000Z
449,1.1333600000000001,1.13338,3150000.0954,1500000.0,2018-10-31T12:49:59.241000Z
450,1.1333600000000001,1.1333900000000001,3900000.0954,1000000.0,2018-10-31T12:49:59.295000Z
451,1.13335,1.1333700000000002,9789999.9619,1000000.0,2018-10-31T12:49:59.401000Z
452,1.13332,1.13335,3559999.9428,1500000.0,2018-10-31T12:49:59.508000Z
453,1.13333,1.13335,1500000.0,1500000.0,2018-10-31T12:50:00.026000Z
454,1.13332,1.13335,2710000.0381,1690000.0572,2018-10-31T12:50:00.538000Z
455,1.13332,1.13335,2359999.8951,2250000.0,2018-10-31T12:50:00.894000Z
456,1.1333,1.13331,3750000.0,1000000.0,2018-10-31T12:50:01.052000Z
457,1.13332,1.13333,109999.9994,10119999.8856,2018-10-31T12:50:01.106000Z
458,1.13332,1.13334,109999.9994,2250000.0,2018-10-31T12:50:01.160000Z
459,1.13332,1.1333600000000001,360000.0143,7010000.2289,2018-10-31T12:50:01.747000Z
460,1.13334,1.1333600000000001,1000000.0,1500000.0,2018-10-31T12:50:02.096000Z
461,1.13325,1.1332700000000002,1950000.0477,1870000.0048,2018-10-31T12:50:02.403000Z
462,1.13323,1.1332700000000002,3259999.9905,4119999.8856,2018-10-31T12:50:02.586000Z
463,1.1332200000000001,1.13324,5510000.2289,1000000.0,2018-10-31T12:50:02.639000Z
464,1.13324,1.13328,4309999.9428,6070000.1717,2018-10-31T12:50:02.797000Z
465,1.13324,1.1332600000000002,5320000.1717,1000000.0,2018-10-31T12:50:02.849000Z
466,1.1332700000000002,1.13329,1000000.0,1000000.0,2018-10-31T12:50:03.183000Z
467,1.1332600000000002,1.1332700000000002,1000000.0,1000000.0,2018-10-31T12:50:03.235000Z
468,1.13324,1.1332600000000002,5059999.9428,1000000.0,2018-10-31T12:50:03.289000Z
469,1.1332600000000002,1.13328,1120000.0048,1000000.0,2018-10-31T12:50:03.786000Z
470,1.1332600000000002,1.1333,1500000.0,2440000.0572,2018-10-31T12:50:03.996000Z
471,1.1332600000000002,1.13329,1000000.0,1000000.0,2018-10-31T12:50:04.538000Z
472,1.1332700000000002,1.13329,1000000.0,1000000.0,2018-10-31T12:50:05.109000Z
473,1.13325,1.13329,6820000.1717,2059999.9428,2018-10-31T12:50:05.443000Z
474,1.13325,1.13328,1000000.0,1000000.0,2018-10-31T12:50:05.970000Z
475,1.13325,1.13328,4199999.8093,1000000.0,2018-10-31T12:50:06.493000Z
476,1.13324,1.13328,7570000.1717,1690000.0572,2018-10-31T12:50:07.316000Z
477,1.13323,1.1332600000000002,3069999.9332,1000000.0,2018-10-31T12:50:07.584000Z
478,1.13321,1.13325,6750000.0,2440000.0572,2018-10-31T12:50:07.881000Z
479,1.1332200000000001,1.13324,1000000.0,1500000.0,2018-10-31T12:50:08.393000Z
480,1.13323,1.13324,1000000.0,1000000.0,2018-10-31T12:50:08.984000Z
481,1.13323,1.1332600000000002,1500000.0,1500000.0,2018-10-31T12:50:09.350000Z
482,1.13324,1.1332600000000002,1500000.0,1000000.0,2018-10-31T12:50:10.301000Z
483,1.13323,1.13324,1000000.0,1000000.0,2018-10-31T12:50:10.569000Z
484,1.13324,1.1332600000000002,1500000.0,1120000.0048,2018-10-31T12:50:10.678000Z
485,1.13323,1.13328,5250000.0,4389999.8665,2018-10-31T12:50:11.210000Z
486,1.13324,1.13328,2319999.9332,2440000.0572,2018-10-31T12:50:11.752000Z
487,1.1332700000000002,1.13329,1000000.0,4690000.0572,2018-10-31T12:50:12.159000Z
488,1.13324,1.1332700000000002,3450000.0477,1690000.0572,2018-10-31T12:50:12.576000Z
489,1.13323,1.1332600000000002,2140000.1049,1500000.0,2018-10-31T12:50:12.782000Z
490,1.13323,1.13325,1100000.0238,1000000.0,2018-10-31T12:50:13.342000Z
491,1.1332200000000001,1.13324,1500000.0,1000000.0,2018-10-31T12:50:15.424000Z
492,1.1332200000000001,1.13325,1500000.0,1000000.0,2018-10-31T12:50:15.939000Z
493,1.1332200000000001,1.13325,1500000.0,1000000.0,2018-10-31T12:50:16.477000Z
494,1.13324,1.1332600000000002,2619999.8856,1100000.0238,2018-10-31T12:50:16.796000Z
495,1.13323,1.1332600000000002,2250000.0,1870000.0048,2018-10-31T12:50:16.901000Z
496,1.1332200000000001,1.1332600000000002,2140000.1049,5510000.2289,2018-10-31T12:50:17.418000Z
497,1.13325,1.1332700000000002,3000000.0,1200000.0477,2018-10-31T12:50:17.778000Z
498,1.1332600000000002,1.13329,1120000.0048,1950000.0477,2018-10-31T12:50:18.843000Z
499,1.1332600000000002,1.1333,1250000.0,8319999.6948,2018-10-31T12:50:19.753000Z
500,1.1332600000000002,1.13328,1100000.0238,1000000.0,2018-10-31T12:50:20.229000Z
501,1.1332600000000002,1.13329,1000000.0,1000000.0,2018-10-31T12:50:20.733000Z
502,1.13325,1.13328,1000000.0,3369999.8856,2018-10-31T12:50:22.046000Z
503,1.13325,1.13329,1289999.9619,1500000.0,2018-10-31T12:50:22.572000Z
504,1.1332200000000001,1.1332600000000002,11699999.8093,1690000.0572,2018-10-31T12:50:22.899000Z
505,1.1332200000000001,1.1332600000000002,6260000.2289,3000000.0,2018-10-31T12:50:23.401000Z
506,1.1332200000000001,1.13325,1870000.0048,1250000.0,2018-10-31T12:50:24.010000Z
507,1.1332200000000001,1.1332600000000002,1000000.0,5320000.1717,2018-10-31T12:50:24.530000Z
508,1.1332200000000001,1.1332600000000002,3190000.0572,2319999.9332,2018-10-31T12:50:25.215000Z
509,1.1332200000000001,1.1332600000000002,1000000.0,6469999.7902,2018-10-31T12:50:25.511000Z
510,1.13321,1.13324,1000000.0,1500000.0,2018-10-31T12:50:26.054000Z
511,1.13321,1.13325,2140000.1049,6000000.0,2018-10-31T12:50:26.971000Z
512,1.1332200000000001,1.13325,1000000.0,2250000.0,2018-10-31T12:50:27.623000Z
513,1.1332600000000002,1.13328,1309999.9428,1690000.0572,2018-10-31T12:50:27.937000Z
514,1.13328,1.13329,1000000.0,1000000.0,2018-10-31T12:50:28.332000Z
515,1.1332600000000002,1.1333,3640000.1049,1870000.0048,2018-10-31T12:50:28.787000Z
516,1.1332600000000002,1.1333,7389999.8665,3559999.9428,2018-10-31T12:50:29.294000Z
517,1.1332600000000002,1.1333,5510000.2289,2619999.8856,2018-10-31T12:50:29.797000Z
518,1.1332700000000002,1.13331,4309999.9428,4570000.1717,2018-10-31T12:50:29.956000Z
519,1.1332700000000002,1.1333,1250000.0,1500000.0,2018-10-31T12:50:30.510000Z
520,1.13329,1.13332,4389999.8665,1000000.0,2018-10-31T12:50:30.864000Z
521,1.13329,1.13331,1000000.0,1759999.9905,2018-10-31T12:50:31.776000Z
522,1.13328,1.1333,1000000.0,1870000.0048,2018-10-31T12:50:32.293000Z
523,1.1332600000000002,1.1333,7010000.2289,2319999.9332,2018-10-31T12:50:32.828000Z
524,1.1332600000000002,1.13329,2059999.9428,1500000.0,2018-10-31T12:50:33.349000Z
525,1.1332600000000002,1.13328,2250000.0,1000000.0,2018-10-31T12:50:34.718000Z
526,1.13323,1.13324,2619999.8856,4869999.8856,2018-10-31T12:50:35.772000Z
527,1.13321,1.13323,1690000.0572,1000000.0,2018-10-31T12:50:35.877000Z
528,1.13321,1.13325,5699999.8093,1000000.0,2018-10-31T12:50:36.336000Z
529,1.13321,1.1332600000000002,3259999.9905,6820000.1717,2018-10-31T12:50:36.864000Z
530,1.13324,1.1332600000000002,1000000.0,1120000.0048,2018-10-31T12:50:37.388000Z
531,1.1332200000000001,1.13325,1389999.9857,1000000.0,2018-10-31T12:50:37.655000Z
532,1.1332200000000001,1.13325,4500000.0,1000000.0,2018-10-31T12:50:38.174000Z
533,1.1332200000000001,1.13325,3190000.0572,1000000.0,2018-10-31T12:50:39.291000Z
534,1.1332200000000001,1.13324,6000000.0,2250000.0,2018-10-31T12:50:39.823000Z
535,1.13321,1.13323,1000000.0,2140000.1049,2018-10-31T12:50:39.929000Z
536,1.1332,1.13324,3750000.0,2319999.9332,2018-10-31T12:50:40.393000Z
537,1.1332,1.13324,2809999.9428,3559999.9428,2018-10-31T12:50:40.947000Z
538,1.13319,1.1332,3750000.0,2250000.0,2018-10-31T12:50:41.054000Z
539,1.13319,1.1332200000000001,2440000.0572,2509999.9905,2018-10-31T12:50:41.393000Z
540,1.13318,1.13319,1500000.0,1000000.0,2018-10-31T12:50:41.604000Z
541,1.13314,1.1331600000000002,1000000.0,1870000.0048,2018-10-31T12:50:41.761000Z
542,1.13315,1.1331700000000002,1000000.0,5139999.8665,2018-10-31T12:50:41.933000Z
543,1.13314,1.1331700000000002,1000000.0,4500000.0,2018-10-31T12:50:42.106000Z
544,1.13314,1.1331600000000002,1690000.0572,1000000.0,2018-10-31T12:50:42.158000Z
545,1.13315,1.13318,1000000.0,3069999.9332,2018-10-31T12:50:42.265000Z
546,1.1331200000000001,1.13314,10869999.8856,1570000.0525,2018-10-31T12:50:42.525000Z
547,1.13308,1.1331,1120000.0048,3069999.9332,2018-10-31T12:50:42.580000Z
548,1.13311,1.1331200000000001,1000000.0,6449999.8093,2018-10-31T12:50:42.737000Z
549,1.1330600000000002,1.1331,2619999.8856,3369999.8856,2018-10-31T12:50:42.896000Z
550,1.1330600000000002,1.13308,1500000.0,1000000.0,2018-10-31T12:50:43.071000Z
551,1.13294,1.1329600000000002,2500000.0,24489999.7711,2018-10-31T12:50:43.463000Z
552,1.1329200000000001,1.1329500000000001,4690000.0572,1000000.0,2018-10-31T12:50:43.622000Z
553,1.1328799999999999,1.1329,4500000.0,1000000.0,2018-10-31T12:50:44.011000Z
554,1.13287,1.1329,1690000.0572,1570000.0525,2018-10-31T12:50:44.080000Z
555,1.13289,1.1329,1000000.0,1100000.0238,2018-10-31T12:50:44.314000Z
556,1.13287,1.13289,1000000.0,1000000.0,2018-10-31T12:50:44.454000Z
557,1.1328600000000002,1.13287,1500000.0,1120000.0048,2018-10-31T12:50:44.784000Z
558,1.13289,1.13291,1690000.0572,1100000.0238,2018-10-31T12:50:45.104000Z
559,1.13289,1.1329200000000001,2059999.9428,1950000.0477,2018-10-31T12:50:45.275000Z
560,1.13293,1.13297,1500000.0,3819999.9332,2018-10-31T12:50:45.390000Z
561,1.13294,1.1329799999999999,1690000.0572,1570000.0525,2018-10-31T12:50:45.471000Z
562,1.1329500000000001,1.1329799999999999,3369999.8856,1100000.0238,2018-10-31T12:50:45.527000Z
563,1.13293,1.13297,2890000.1049,1500000.0,2018-10-31T12:50:45.731000Z
564,1.1329500000000001,1.13297,1690000.0572,10569999.6948,2018-10-31T12:50:45.843000Z
565,1.13287,1.13289,1570000.0525,1120000.0048,2018-10-31T12:50:45.898000Z
566,1.13287,1.1329200000000001,3069999.9332,4119999.8856,2018-10-31T12:50:46.164000Z
567,1.13291,1.1329500000000001,1250000.0,3069999.9332,2018-10-31T12:50:46.645000Z
568,1.1329200000000001,1.1329600000000002,1250000.0,3819999.9332,2018-10-31T12:50:47.155000Z
569,1.1329600000000002,1.13299,1250000.0,3259999.9905,2018-10-31T12:50:47.476000Z
570,1.1329500000000001,1.13299,1870000.0048,1100000.0238,2018-10-31T12:50:47.991000Z
571,1.13297,1.13299,1000000.0,1000000.0,2018-10-31T12:50:48.332000Z
572,1.1329600000000002,1.13299,1870000.0048,1000000.0,2018-10-31T12:50:48.840000Z
573,1.1329500000000001,1.13299,3819999.9332,1500000.0,2018-10-31T12:50:49.342000Z
574,1.13294,1.1329600000000002,1690000.0572,1000000.0,2018-10-31T12:50:49.706000Z
575,1.13289,1.13291,3259999.9905,2099999.9046,2018-10-31T12:50:49.948000Z
576,1.1328600000000002,1.1329,2140000.1049,3069999.9332,2018-10-31T12:50:50.106000Z
577,1.1328600000000002,1.13289,1250000.0,1120000.0048,2018-10-31T12:50:50.622000Z
578,1.13284,1.1328600000000002,1870000.0048,1000000.0,2018-10-31T12:50:51.116000Z
579,1.13284,1.13287,1000000.0,1610000.0143,2018-10-31T12:50:51.169000Z
580,1.1328500000000001,1.13289,2440000.0572,2319999.9332,2018-10-31T12:50:51.328000Z
581,1.1328600000000002,1.1329,1190000.0572,2700000.0477,2018-10-31T12:50:51.433000Z
582,1.1328500000000001,1.13289,1500000.0,1100000.0238,2018-10-31T12:50:51.589000Z
583,1.1328500000000001,1.1328799999999999,2140000.1049,1500000.0,2018-10-31T12:50:52.140000Z
584,1.13287,1.13289,1000000.0,1000000.0,2018-10-31T12:50:52.652000Z
585,1.1328500000000001,1.13289,1570000.0525,6750000.0,2018-10-31T12:50:52.838000Z
586,1.1328600000000002,1.13289,1500000.0,2549999.9523,2018-10-31T12:50:53.419000Z
587,1.1328799999999999,1.13291,1690000.0572,1450000.0477,2018-10-31T12:50:53.896000Z
588,1.13287,1.13291,1690000.0572,1759999.9905,2018-10-31T12:50:54.138000Z
589,1.13289,1.1329,1000000.0,1500000.0,2018-10-31T12:50:54.198000Z
590,1.13289,1.13291,1500000.0,1100000.0238,2018-10-31T12:50:54.305000Z
591,1.13291,1.1329200000000001,1000000.0,1000000.0,2018-10-31T12:50:54.358000Z
592,1.13291,1.1329500000000001,1250000.0,1100000.0238,2018-10-31T12:50:54.606000Z
593,1.1329200000000001,1.1329500000000001,1000000.0,1000000.0,2018-10-31T12:50:55.130000Z
594,1.13291,1.13294,1870000.0048,1000000.0,2018-10-31T12:50:55.678000Z
595,1.13291,1.13294,1950000.0477,1000000.0,2018-10-31T12:50:56.607000Z
596,1.1329200000000001,1.1329600000000002,1250000.0,1389999.9857,2018-10-31T12:50:58.581000Z
597,1.13293,1.13294,1000000.0,1000000.0,2018-10-31T12:50:58.996000Z
598,1.1329200000000001,1.1329500000000001,1250000.0,1000000.0,2018-10-31T12:50:59.515000Z
599,1.1329200000000001,1.13294,3190000.0572,1000000.0,2018-10-31T12:51:00.586000Z
600,1.1329,1.1329200000000001,1120000.0048,1570000.0525,2018-10-31T12:51:00.930000Z
601,1.1328799999999999,1.13291,1250000.0,1100000.0238,2018-10-31T12:51:01.200000Z
602,1.1329200000000001,1.13294,1120000.0048,1000000.0,2018-10-31T12:51:01.381000Z
603,1.1329500000000001,1.13297,1000000.0,7570000.1717,2018-10-31T12:51:01.838000Z
604,1.1329500000000001,1.1329799999999999,2619999.8856,2250000.0,2018-10-31T12:51:01.943000Z
605,1.13294,1.1329799999999999,1759999.9905,1309999.9428,2018-10-31T12:51:02.563000Z
606,1.1329500000000001,1.1329799999999999,1690000.0572,1870000.0048,2018-10-31T12:51:02.925000Z
607,1.1329799999999999,1.13299,1000000.0,1000000.0,2018-10-31T12:51:03.248000Z
608,1.1329799999999999,1.133,1870000.0048,1000000.0,2018-10-31T12:51:03.839000Z
609,1.13301,1.13304,1000000.0,3369999.8856,2018-10-31T12:51:04.307000Z
610,1.133,1.1330200000000001,1100000.0238,1000000.0,2018-10-31T12:51:04.629000Z
611,1.13301,1.13304,1690000.0572,2250000.0,2018-10-31T12:51:04.686000Z
612,1.13299,1.1330200000000001,3069999.9332,1690000.0572,2018-10-31T12:51:04.845000Z
613,1.1329500000000001,1.13299,1950000.0477,2440000.0572,2018-10-31T12:51:05.132000Z
614,1.1329500000000001,1.13299,2059999.9428,6949999.8093,2018-10-31T12:51:05.827000Z
615,1.1329500000000001,1.13299,2059999.9428,6949999.8093,2018-10-31T12:51:05.879000Z
616,1.1329600000000002,1.13299,1000000.0,1950000.0477,2018-10-31T12:51:06.140000Z
617,1.13294,1.1329600000000002,1470000.0286,3000000.0,2018-10-31T12:51:06.303000Z
618,1.1329500000000001,1.13299,2440000.0572,2920000.0763,2018-10-31T12:51:06.572000Z
619,1.1329799999999999,1.133,1000000.0,2700000.0477,2018-10-31T12:51:06.677000Z
620,1.133,1.13303,1690000.0572,1100000.0238,2018-10-31T12:51:06.835000Z
621,1.133,1.13301,1870000.0048,1350000.0238,2018-10-31T12:51:07.347000Z
622,1.1330200000000001,1.13303,1000000.0,1000000.0,2018-10-31T12:51:07.711000Z
623,1.1330200000000001,1.1330500000000001,4760000.2289,1100000.0238,2018-10-31T12:51:08.033000Z
624,1.1330600000000002,1.13309,1500000.0,1000000.0,2018-10-31T12:51:08.356000Z
625,1.1330500000000001,1.13308,2440000.0572,1690000.0572,2018-10-31T12:51:08.618000Z
626,1.13307,1.13309,1570000.0525,1000000.0,2018-10-31T12:51:08.934000Z
627,1.13309,1.1331,1500000.0,1950000.0477,2018-10-31T12:51:09.928000Z
628,1.1331,1.1331200000000001,1500000.0,1000000.0,2018-10-31T12:51:10.033000Z
629,1.13311,1.13315,4690000.0572,5699999.8093,2018-10-31T12:51:10.140000Z
630,1.13311,1.13315,2890000.1049,1500000.0,2018-10-31T12:51:10.647000Z
631,1.13311,1.13315,2440000.0572,1759999.9905,2018-10-31T12:51:11.072000Z
632,1.13311,1.1331200000000001,1500000.0,2250000.0,2018-10-31T12:51:11.279000Z
633,1.1331,1.1331200000000001,1500000.0,5059999.9428,2018-10-31T12:51:11.332000Z
634,1.13311,1.13314,1750000.0,2890000.1049,2018-10-31T12:51:11.436000Z
635,1.1331200000000001,1.13315,2250000.0,3259999.9905,2018-10-31T12:51:11.733000Z
636,1.1331200000000001,1.1331600000000002,2319999.9332,3640000.1049,2018-10-31T12:51:11.785000Z
637,1.13318,1.13319,3000000.0,2619999.8856,2018-10-31T12:51:12.203000Z
638,1.1332200000000001,1.13324,2059999.9428,1000000.0,2018-10-31T12:51:12.345000Z
639,1.1332200000000001,1.1332600000000002,1120000.0048,2890000.1049,2018-10-31T12:51:12.399000Z
640,1.1332200000000001,1.1332600000000002,1750000.0,2140000.1049,2018-10-31T12:51:12.507000Z
641,1.1332200000000001,1.13325,1750000.0,1250000.0,2018-10-31T12:51:13.030000Z
642,1.13323,1.1332600000000002,1000000.0,3819999.9332,2018-10-31T12:51:13.625000Z
643,1.1332200000000001,1.1332600000000002,1000000.0,3640000.1049,2018-10-31T12:51:13.678000Z
644,1.1332200000000001,1.1332600000000002,1750000.0,3640000.1049,2018-10-31T12:51:13.732000Z
645,1.1332200000000001,1.13325,1120000.0048,3640000.1049,2018-10-31T12:51:13.837000Z
646,1.13323,1.1332600000000002,1750000.0,2700000.0477,2018-10-31T12:51:13.996000Z
647,1.13321,1.13325,2619999.8856,1570000.0525,2018-10-31T12:51:14.134000Z
648,1.13321,1.13325,1950000.0477,2700000.0477,2018-10-31T12:51:14.657000Z
649,1.13324,1.1332600000000002,1120000.0048,2809999.9428,2018-10-31T12:51:15.024000Z
650,1.13321,1.13323,1500000.0,1500000.0,2018-10-31T12:51:15.186000Z
651,1.13323,1.1332600000000002,1500000.0,3640000.1049,2018-10-31T12:51:15.645000Z
652,1.13324,1.13328,2890000.1049,2140000.1049,2018-10-31T12:51:15.860000Z
653,1.13324,1.1332600000000002,3450000.0477,1500000.0,2018-10-31T12:51:16.246000Z
654,1.1332600000000002,1.13329,2619999.8856,1570000.0525,2018-10-31T12:51:16.405000Z
655,1.13328,1.13329,1120000.0048,1000000.0,2018-10-31T12:51:16.975000Z
656,1.13328,1.13331,2250000.0,2890000.1049,2018-10-31T12:51:17.028000Z
657,1.1333,1.13332,2250000.0,1200000.0477,2018-10-31T12:51:17.291000Z
658,1.13328,1.13331,1500000.0,3940000.0572,2018-10-31T12:51:17.450000Z
659,1.13328,1.1333,1500000.0,1000000.0,2018-10-31T12:51:17.802000Z
660,1.13328,1.13331,1500000.0,4760000.2289,2018-10-31T12:51:17.854000Z
661,1.13331,1.13333,1120000.0048,1000000.0,2018-10-31T12:51:18.606000Z
662,1.13332,1.13335,1500000.0,4010000.2289,2018-10-31T12:51:19.156000Z
663,1.13331,1.13335,5510000.2289,1309999.9428,2018-10-31T12:51:19.700000Z
664,1.1333,1.13334,1750000.0,3450000.0477,2018-10-31T12:51:20.203000Z
665,1.13332,1.13335,1750000.0,1100000.0238,2018-10-31T12:51:20.514000Z
666,1.13338,1.1333900000000001,2440000.0572,1000000.0,2018-10-31T12:51:20.918000Z
667,1.13342,1.1334600000000001,2000000.0,8510000.2289,2018-10-31T12:51:21.352000Z
668,1.13342,1.13345,1500000.0,1000000.0,2018-10-31T12:51:21.872000Z
669,1.13341,1.13345,1500000.0,5320000.1717,2018-10-31T12:51:22.189000Z
670,1.13342,1.13345,1500000.0,1389999.9857,2018-10-31T12:51:22.816000Z
671,1.13342,1.13345,1500000.0,4269999.9809,2018-10-31T12:51:23.393000Z
672,1.13342,1.13345,1750000.0,1000000.0,2018-10-31T12:51:23.919000Z
673,1.1334600000000001,1.1334700000000002,3640000.1049,3369999.8856,2018-10-31T12:51:24.025000Z
674,1.13351,1.13353,2250000.0,1500000.0,2018-10-31T12:51:24.078000Z
675,1.13352,1.13355,2250000.0,2250000.0,2018-10-31T12:51:24.233000Z
676,1.13353,1.13354,1120000.0048,1000000.0,2018-10-31T12:51:24.891000Z
677,1.13353,1.13355,1370000.0048,4199999.8093,2018-10-31T12:51:25.431000Z
678,1.13354,1.1335600000000001,2059999.9428,1100000.0238,2018-10-31T12:51:26.339000Z
679,1.13355,1.13358,4010000.2289,3940000.0572,2018-10-31T12:51:26.432000Z
680,1.1335600000000001,1.1336000000000002,1690000.0572,4789999.9619,2018-10-31T12:51:26.702000Z
681,1.1335600000000001,1.1336000000000002,2119999.8856,3450000.0477,2018-10-31T12:51:27.232000Z
682,1.1335600000000001,1.1336000000000002,2000000.0,2700000.0477,2018-10-31T12:51:28.023000Z
683,1.1335600000000001,1.1336000000000002,1370000.0048,4760000.2289,2018-10-31T12:51:28.548000Z
684,1.1335600000000001,1.1336000000000002,1750000.0,1759999.9905,2018-10-31T12:51:29.071000Z
685,1.1335600000000001,1.13359,2250000.0,2250000.0,2018-10-31T12:51:29.613000Z
686,1.1335600000000001,1.1336000000000002,2700000.0477,2140000.1049,2018-10-31T12:51:30.144000Z
687,1.1335600000000001,1.1336000000000002,4010000.2289,1690000.0572,2018-10-31T12:51:30.716000Z
688,1.13361,1.13365,2250000.0,1570000.0525,2018-10-31T12:51:30.949000Z
689,1.13361,1.13364,1120000.0048,1000000.0,2018-10-31T12:51:31.162000Z
690,1.13361,1.13365,1500000.0,5880000.1144,2018-10-31T12:51:31.926000Z
691,1.13361,1.13362,1120000.0048,1500000.0,2018-10-31T12:51:31.979000Z
692,1.13361,1.13365,1120000.0048,3640000.1049,2018-10-31T12:51:32.038000Z
693,1.13361,1.13365,2500000.0,9079999.9237,2018-10-31T12:51:32.091000Z
694,1.13361,1.13364,1500000.0,1250000.0,2018-10-31T12:51:32.813000Z
695,1.13361,1.13365,2250000.0,7010000.2289,2018-10-31T12:51:33.341000Z
696,1.13361,1.13363,1950000.0477,1000000.0,2018-10-31T12:51:33.758000Z
697,1.13361,1.13364,1500000.0,1500000.0,2018-10-31T12:51:34.294000Z
698,1.13359,1.13361,1450000.0477,1250000.0,2018-10-31T12:51:34.697000Z
699,1.13358,1.13361,1500000.0,3640000.1049,2018-10-31T12:51:35.202000Z
700,1.1335700000000002,1.1336000000000002,1120000.0048,1100000.0238,2018-10-31T12:51:35.514000Z
701,1.1335700000000002,1.1336000000000002,1120000.0048,1950000.0477,2018-10-31T12:51:36.052000Z
702,1.1335700000000002,1.13361,2440000.0572,7570000.1717,2018-10-31T12:51:37.334000Z
703,1.1335700000000002,1.1336000000000002,2250000.0,1120000.0048,2018-10-31T12:51:37.879000Z
704,1.13358,1.13359,1500000.0,1000000.0,2018-10-31T12:51:39.014000Z
705,1.13358,1.1336000000000002,1500000.0,1120000.0048,2018-10-31T12:51:39.531000Z
706,1.13358,1.1336000000000002,1120000.0048,3369999.8856,2018-10-31T12:51:40.058000Z
707,1.1335700000000002,1.1336000000000002,2440000.0572,2059999.9428,2018-10-31T12:51:40.977000Z
708,1.1335700000000002,1.13359,1870000.0048,1120000.0048,2018-10-31T12:51:41.497000Z
709,1.1335700000000002,1.13359,2250000.0,1000000.0,2018-10-31T12:51:42.115000Z
710,1.1335700000000002,1.13358,1500000.0,1120000.0048,2018-10-31T12:51:43.061000Z
711,1.13355,1.13359,2250000.0,4949999.8093,2018-10-31T12:51:43.115000Z
712,1.1335600000000001,1.13359,1500000.0,3000000.0,2018-10-31T12:51:43.273000Z
713,1.1335600000000001,1.13358,1500000.0,3190000.0572,2018-10-31T12:51:43.791000Z
714,1.1335600000000001,1.13359,1500000.0,1500000.0,2018-10-31T12:51:44.343000Z
715,1.13355,1.13358,2250000.0,1000000.0,2018-10-31T12:51:45.030000Z
716,1.1335600000000001,1.13359,2250000.0,1000000.0,2018-10-31T12:51:45.531000Z
717,1.13354,1.1335600000000001,1950000.0477,1000000.0,2018-10-31T12:51:46.005000Z
718,1.13352,1.13355,1750000.0,1000000.0,2018-10-31T12:51:46.541000Z
719,1.13349,1.13351,1500000.0,1500000.0,2018-10-31T12:51:46.852000Z
720,1.1334700000000002,1.13351,2250000.0,4389999.8665,2018-10-31T12:51:47.361000Z
721,1.13351,1.13353,1309999.9428,1000000.0,2018-10-31T12:51:47.919000Z
722,1.13349,1.13351,2250000.0,3069999.9332,2018-10-31T12:51:48.485000Z
723,1.13348,1.13351,1870000.0048,3670000.0763,2018-10-31T12:51:49.008000Z
724,1.13348,1.1335,1870000.0048,1000000.0,2018-10-31T12:51:49.549000Z
725,1.13348,1.1335,1480000.0191,4949999.8093,2018-10-31T12:51:50.177000Z
726,1.1334600000000001,1.13349,2230000.0191,2250000.0,2018-10-31T12:51:50.282000Z
727,1.13344,1.1334600000000001,7929999.8283,1500000.0,2018-10-31T12:51:50.338000Z
728,1.13344,1.1334700000000002,1860000.0143,4800000.1907,2018-10-31T12:51:50.401000Z
729,1.13345,1.1334700000000002,1480000.0191,3380000.1144,2018-10-31T12:51:50.455000Z
730,1.13345,1.13348,1120000.0048,3190000.0572,2018-10-31T12:51:50.839000Z
731,1.13341,1.13342,1120000.0048,3000000.0,2018-10-31T12:51:51.366000Z
732,1.1333900000000001,1.13341,1120000.0048,1100000.0238,2018-10-31T12:51:51.543000Z
733,1.13342,1.13344,1120000.0048,8319999.6948,2018-10-31T12:51:51.651000Z
734,1.1334,1.13342,1100000.0238,2250000.0,2018-10-31T12:51:51.911000Z
735,1.1333700000000002,1.13341,3259999.9905,4349999.9046,2018-10-31T12:51:52.050000Z
736,1.1333700000000002,1.13341,2250000.0,6260000.2289,2018-10-31T12:51:52.578000Z
737,1.1333600000000001,1.1333700000000002,2509999.9905,1000000.0,2018-10-31T12:51:53.953000Z
738,1.13329,1.13331,1000000.0,1500000.0,2018-10-31T12:51:54.115000Z
739,1.13331,1.13332,1000000.0,1950000.0477,2018-10-31T12:51:54.351000Z
740,1.1333,1.13333,1120000.0048,4760000.2289,2018-10-31T12:51:54.926000Z
741,1.1333,1.13333,1120000.0048,4760000.2289,2018-10-31T12:51:55.434000Z
742,1.1333,1.13333,1120000.0048,4760000.2289,2018-10-31T12:51:55.537000Z
743,1.13331,1.13334,1500000.0,1950000.0477,2018-10-31T12:51:55.644000Z
744,1.13332,1.1333600000000001,1120000.0048,8890000.3433,2018-10-31T12:51:55.751000Z
745,1.13334,1.1333600000000001,2059999.9428,1200000.0477,2018-10-31T12:51:56.045000Z
746,1.13323,1.13325,2250000.0,2619999.8856,2018-10-31T12:51:56.359000Z
747,1.1332,1.13321,1500000.0,1100000.0238,2018-10-31T12:51:56.413000Z
748,1.1332200000000001,1.13324,1500000.0,2700000.0477,2018-10-31T12:51:56.548000Z
749,1.13323,1.13325,1120000.0048,1570000.0525,2018-10-31T12:51:57.569000Z
750,1.13323,1.13325,1120000.0048,2140000.1049,2018-10-31T12:51:59.009000Z
751,1.13323,1.13325,1120000.0048,1200000.0477,2018-10-31T12:51:59.549000Z
752,1.1332200000000001,1.13324,1120000.0048,1570000.0525,2018-10-31T12:52:01.392000Z
753,1.13321,1.13325,1870000.0048,3450000.0477,2018-10-31T12:52:02.517000Z
754,1.1331700000000002,1.13321,2250000.0,3450000.0477,2018-10-31T12:52:02.832000Z
755,1.1331700000000002,1.13321,2509999.9905,3069999.9332,2018-10-31T12:52:03.340000Z
756,1.13318,1.1332,1120000.0048,2440000.0572,2018-10-31T12:52:04.083000Z
757,1.1332,1.13321,1000000.0,2250000.0,2018-10-31T12:52:05.212000Z
758,1.13321,1.1332200000000001,3000000.0,1950000.0477,2018-10-31T12:52:05.266000Z
759,1.1332200000000001,1.13324,1309999.9428,1000000.0,2018-10-31T12:52:05.320000Z
760,1.1332200000000001,1.13325,1870000.0048,3940000.0572,2018-10-31T12:52:05.941000Z
761,1.1332200000000001,1.13324,1870000.0048,1000000.0,2018-10-31T12:52:06.510000Z
762,1.13324,1.13325,1500000.0,1100000.0238,2018-10-31T12:52:07.636000Z
763,1.13324,1.1332600000000002,1500000.0,1000000.0,2018-10-31T12:52:08.150000Z
764,1.1332600000000002,1.13328,3940000.0572,8890000.3433,2018-10-31T12:52:08.454000Z
765,1.13335,1.13338,1690000.0572,2700000.0477,2018-10-31T12:52:08.663000Z
766,1.1333600000000001,1.1333900000000001,1000000.0,1500000.0,2018-10-31T12:52:09.730000Z
767,1.1333700000000002,1.13341,1120000.0048,5059999.9428,2018-10-31T12:52:09.899000Z
768,1.1333900000000001,1.13341,2440000.0572,3750000.0,2018-10-31T12:52:10.682000Z
769,1.1334,1.13343,1870000.0048,2250000.0,2018-10-31T12:52:10.787000Z
770,1.13341,1.13344,1000000.0,2250000.0,2018-10-31T12:52:11.327000Z
771,1.1334,1.13343,1570000.0525,1500000.0,2018-10-31T12:52:11.848000Z
772,1.13341,1.13343,1500000.0,1000000.0,2018-10-31T12:52:12.111000Z
773,1.13342,1.13344,1000000.0,1000000.0,2018-10-31T12:52:12.637000Z
774,1.13341,1.13344,1200000.0477,1000000.0,2018-10-31T12:52:13.812000Z
775,1.13342,1.13344,1120000.0048,1000000.0,2018-10-31T12:52:14.342000Z
776,1.13344,1.1334600000000001,1000000.0,1500000.0,2018-10-31T12:52:14.766000Z
777,1.13344,1.1334700000000002,2700000.0477,1000000.0,2018-10-31T12:52:15.227000Z
778,1.1334700000000002,1.13349,3000000.0,1000000.0,2018-10-31T12:52:15.436000Z
779,1.1334600000000001,1.13349,1000000.0,1000000.0,2018-10-31T12:52:15.958000Z
780,1.13345,1.13348,3069999.9332,1000000.0,2018-10-31T12:52:16.520000Z
781,1.1334700000000002,1.13349,1000000.0,1000000.0,2018-10-31T12:52:17.044000Z
782,1.13345,1.13349,4389999.8665,1000000.0,2018-10-31T12:52:17.921000Z
783,1.1334600000000001,1.1335,1870000.0048,1870000.0048,2018-10-31T12:52:19.453000Z
784,1.1334700000000002,1.13351,3450000.0477,7010000.2289,2018-10-31T12:52:19.981000Z
785,1.13348,1.13351,1100000.0238,2059999.9428,2018-10-31T12:52:20.505000Z
786,1.1335,1.13352,3000000.0,1950000.0477,2018-10-31T12:52:21.311000Z
787,1.13352,1.13355,1870000.0048,2250000.0,2018-10-31T12:52:21.468000Z
788,1.13353,1.13354,1000000.0,1500000.0,2018-10-31T12:52:21.996000Z
789,1.13352,1.13354,3750000.0,1500000.0,2018-10-31T12:52:22.613000Z
790,1.13352,1.1335600000000001,2319999.9332,1100000.0238,2018-10-31T12:52:22.770000Z
791,1.13352,1.13354,2250000.0,1000000.0,2018-10-31T12:52:22.928000Z
792,1.13352,1.13355,1500000.0,1500000.0,2018-10-31T12:52:23.430000Z
793,1.13353,1.1335600000000001,3559999.9428,1100000.0238,2018-10-31T12:52:24.020000Z
794,1.1335600000000001,1.13359,1500000.0,1000000.0,2018-10-31T12:52:24.179000Z
795,1.13355,1.1335700000000002,1950000.0477,1000000.0,2018-10-31T12:52:24.337000Z
796,1.1335600000000001,1.13359,2250000.0,1000000.0,2018-10-31T12:52:24.598000Z
797,1.13355,1.13359,6449999.8093,1120000.0048,2018-10-31T12:52:25.233000Z
798,1.13355,1.13358,1500000.0,1250000.0,2018-10-31T12:52:26.906000Z
799,1.13353,1.1335600000000001,2250000.0,1250000.0,2018-10-31T12:52:27.010000Z
800,1.13352,1.1335600000000001,1870000.0048,1690000.0572,2018-10-31T12:52:27.221000Z
801,1.13352,1.13355,1000000.0,1100000.0238,2018-10-31T12:52:29.126000Z
802,1.13351,1.13352,3069999.9332,2250000.0,2018-10-31T12:52:29.861000Z
803,1.13349,1.13351,2619999.8856,1000000.0,2018-10-31T12:52:29.913000Z
804,1.1334700000000002,1.13349,1870000.0048,1500000.0,2018-10-31T12:52:31.159000Z
805,1.1334600000000001,1.1335,2700000.0477,2700000.0477,2018-10-31T12:52:31.703000Z
806,1.1334700000000002,1.1335,1950000.0477,1500000.0,2018-10-31T12:52:32.307000Z
807,1.1334700000000002,1.13351,2319999.9332,6639999.8665,2018-10-31T12:52:33.347000Z
808,1.1334700000000002,1.1335,1250000.0,1250000.0,2018-10-31T12:52:34.041000Z
809,1.13348,1.13351,1120000.0048,3750000.0,2018-10-31T12:52:35.098000Z
810,1.1334700000000002,1.1335,1000000.0,1000000.0,2018-10-31T12:52:35.600000Z
811,1.1334600000000001,1.1335,1120000.0048,7869999.8856,2018-10-31T12:52:36.123000Z
812,1.1334600000000001,1.13349,2250000.0,1500000.0,2018-10-31T12:52:36.661000Z
813,1.13345,1.1334700000000002,3819999.9332,1000000.0,2018-10-31T12:52:36.976000Z
814,1.13343,1.1334600000000001,1870000.0048,5440000.0572,2018-10-31T12:52:37.031000Z
815,1.13342,1.13344,2619999.8856,1000000.0,2018-10-31T12:52:37.189000Z
816,1.13342,1.13343,1000000.0,1000000.0,2018-10-31T12:52:37.716000Z
817,1.13341,1.13345,2809999.9428,1000000.0,2018-10-31T12:52:41.185000Z
818,1.13341,1.13344,2440000.0572,1000000.0,2018-10-31T12:52:41.896000Z
819,1.1333900000000001,1.13341,1120000.0048,1500000.0,2018-10-31T12:52:42.371000Z
820,1.1333700000000002,1.1333900000000001,1120000.0048,1500000.0,2018-10-31T12:52:42.684000Z
821,1.1333700000000002,1.1334,3450000.0477,2250000.0,2018-10-31T12:52:43.210000Z
822,1.1333700000000002,1.1333900000000001,1000000.0,1870000.0048,2018-10-31T12:52:44.045000Z
823,1.13335,1.13338,1120000.0048,1950000.0477,2018-10-31T12:52:44.149000Z
824,1.13335,1.1333700000000002,1000000.0,1000000.0,2018-10-31T12:52:44.658000Z
825,1.1334,1.13342,2910000.0858,6369999.8856,2018-10-31T12:52:44.765000Z
826,1.13342,1.13343,1250000.0,1000000.0,2018-10-31T12:52:44.821000Z
827,1.13342,1.13344,1000000.0,1500000.0,2018-10-31T12:52:45.328000Z
828,1.13343,1.1334600000000001,3190000.0572,1000000.0,2018-10-31T12:52:45.742000Z
829,1.13344,1.1334700000000002,1190000.0572,3000000.0,2018-10-31T12:52:46.158000Z
830,1.1334600000000001,1.1334700000000002,1000000.0,1000000.0,2018-10-31T12:52:46.712000Z
831,1.1334600000000001,1.13348,2619999.8856,1000000.0,2018-10-31T12:52:47.231000Z
832,1.13351,1.13353,1000000.0,1250000.0,2018-10-31T12:52:47.601000Z
833,1.13351,1.13354,1000000.0,1870000.0048,2018-10-31T12:52:48.295000Z
834,1.13351,1.13353,5440000.0572,1000000.0,2018-10-31T12:52:48.817000Z
835,1.13351,1.13355,2619999.8856,6070000.1717,2018-10-31T12:52:49.333000Z
836,1.13351,1.13355,2059999.9428,7570000.1717,2018-10-31T12:52:49.867000Z
837,1.13351,1.13355,1309999.9428,6070000.1717,2018-10-31T12:52:50.415000Z
838,1.1334600000000001,1.13349,3559999.9428,1000000.0,2018-10-31T12:52:50.722000Z
839,1.13349,1.13351,1000000.0,2319999.9332,2018-10-31T12:52:51.041000Z
840,1.13351,1.13354,2250000.0,1870000.0048,2018-10-31T12:52:51.570000Z
841,1.13351,1.13354,2440000.0572,1870000.0048,2018-10-31T12:52:52.818000Z
842,1.13351,1.13354,1000000.0,1120000.0048,2018-10-31T12:52:53.562000Z
843,1.1335,1.13351,1120000.0048,1000000.0,2018-10-31T12:52:55.434000Z
844,1.1334700000000002,1.1335,1500000.0,1000000.0,2018-10-31T12:52:55.488000Z
845,1.1334700000000002,1.13349,1000000.0,1000000.0,2018-10-31T12:52:56.766000Z
846,1.1334700000000002,1.13349,1000000.0,1450000.0477,2018-10-31T12:52:58.409000Z
847,1.1334600000000001,1.13348,4119999.8856,1450000.0477,2018-10-31T12:53:00.740000Z
848,1.1334700000000002,1.13348,1000000.0,1120000.0048,2018-10-31T12:53:01.484000Z
849,1.13344,1.1334600000000001,1120000.0048,7690000.0572,2018-10-31T12:53:01.986000Z
850,1.13343,1.13344,1120000.0048,1000000.0,2018-10-31T12:53:02.161000Z
851,1.13342,1.13344,3369999.8856,1000000.0,2018-10-31T12:53:02.214000Z
852,1.13343,1.13344,1000000.0,1000000.0,2018-10-31T12:53:02.852000Z
853,1.1333900000000001,1.13341,2250000.0,1500000.0,2018-10-31T12:53:03.222000Z
854,1.1333600000000001,1.1334,2250000.0,7570000.1717,2018-10-31T12:53:03.329000Z
855,1.1333600000000001,1.1334,3369999.8856,6820000.1717,2018-10-31T12:53:03.858000Z
856,1.1333600000000001,1.1333900000000001,1000000.0,1200000.0477,2018-10-31T12:53:04.374000Z
857,1.1333600000000001,1.13338,1000000.0,1000000.0,2018-10-31T12:53:05.325000Z
858,1.1333600000000001,1.13338,1000000.0,1470000.0286,2018-10-31T12:53:06.657000Z
859,1.1333600000000001,1.13338,1000000.0,1000000.0,2018-10-31T12:53:07.203000Z
860,1.13334,1.13338,1120000.0048,3069999.9332,2018-10-31T12:53:07.620000Z
861,1.13333,1.13335,1500000.0,1000000.0,2018-10-31T12:53:07.674000Z
862,1.1333600000000001,1.13338,1500000.0,1950000.0477,2018-10-31T12:53:08.223000Z
863,1.1333700000000002,1.1334,1000000.0,3450000.0477,2018-10-31T12:53:08.330000Z
864,1.1333600000000001,1.1333900000000001,1870000.0048,1120000.0048,2018-10-31T12:53:08.879000Z
865,1.1333600000000001,1.1333900000000001,1870000.0048,1950000.0477,2018-10-31T12:53:12.069000Z
866,1.1333700000000002,1.1333900000000001,1000000.0,1200000.0477,2018-10-31T12:53:12.605000Z
867,1.13334,1.1333600000000001,2250000.0,1950000.0477,2018-10-31T12:53:16.783000Z
868,1.13333,1.1333700000000002,1250000.0,3819999.9332,2018-10-31T12:53:17.331000Z
869,1.13333,1.1333700000000002,2619999.8856,3069999.9332,2018-10-31T12:53:18.010000Z
870,1.13333,1.1333600000000001,1500000.0,2700000.0477,2018-10-31T12:53:18.548000Z
871,1.13331,1.13335,2250000.0,6260000.2289,2018-10-31T12:53:18.922000Z
872,1.13331,1.13334,1000000.0,2700000.0477,2018-10-31T12:53:18.975000Z
873,1.13331,1.13334,1000000.0,1200000.0477,2018-10-31T12:53:19.506000Z
874,1.1333,1.13334,1000000.0,1950000.0477,2018-10-31T12:53:20.459000Z
875,1.1333,1.13333,1000000.0,1200000.0477,2018-10-31T12:53:21.035000Z
876,1.1333,1.13334,1500000.0,2619999.8856,2018-10-31T12:53:21.805000Z
877,1.1333,1.13333,1000000.0,1000000.0,2018-10-31T12:53:22.507000Z
878,1.1333,1.13334,1500000.0,3369999.8856,2018-10-31T12:53:23.076000Z
879,1.1333,1.13333,1500000.0,1000000.0,2018-10-31T12:53:23.602000Z
880,1.1333,1.13334,1000000.0,1870000.0048,2018-10-31T12:53:24.154000Z
881,1.13331,1.13334,1000000.0,1200000.0477,2018-10-31T12:53:25.074000Z
882,1.13331,1.13335,1000000.0,7010000.2289,2018-10-31T12:53:25.576000Z
883,1.13331,1.13334,1500000.0,1950000.0477,2018-10-31T12:53:26.293000Z
884,1.13331,1.13333,1000000.0,1000000.0,2018-10-31T12:53:27.075000Z
885,1.13325,1.13328,3940000.0572,1000000.0,2018-10-31T12:53:27.312000Z
886,1.13325,1.1332600000000002,1500000.0,2250000.0,2018-10-31T12:53:27.472000Z
887,1.13323,1.1332600000000002,1000000.0,1389999.9857,2018-10-31T12:53:27.643000Z
888,1.13323,1.1332700000000002,3940000.0572,9640000.3433,2018-10-31T12:53:28.181000Z
889,1.13324,1.1332700000000002,1000000.0,2509999.9905,2018-10-31T12:53:28.722000Z
890,1.13325,1.1332700000000002,1000000.0,1500000.0,2018-10-31T12:53:32.126000Z
891,1.1332600000000002,1.13328,1690000.0572,1570000.0525,2018-10-31T12:53:32.283000Z
892,1.1332600000000002,1.13328,1500000.0,1870000.0048,2018-10-31T12:53:32.830000Z
893,1.1332700000000002,1.13328,1000000.0,1120000.0048,2018-10-31T12:53:33.626000Z
894,1.13325,1.13328,3190000.0572,4869999.8856,2018-10-31T12:53:33.837000Z
895,1.1332600000000002,1.13328,1000000.0,4869999.8856,2018-10-31T12:53:33.941000Z
896,1.1332700000000002,1.13329,1000000.0,4869999.8856,2018-10-31T12:53:34.461000Z
897,1.1332600000000002,1.13328,1690000.0572,1000000.0,2018-10-31T12:53:35.353000Z
898,1.13325,1.13328,1000000.0,2250000.0,2018-10-31T12:53:36.618000Z
899,1.13323,1.13325,2250000.0,1200000.0477,2018-10-31T12:53:37.641000Z
900,1.13324,1.1332700000000002,2809999.9428,1200000.0477,2018-10-31T12:53:37.854000Z
901,1.1332200000000001,1.1332600000000002,2700000.0477,3750000.0,2018-10-31T12:53:38.051000Z
902,1.1332200000000001,1.13324,1000000.0,1000000.0,2018-10-31T12:53:38.155000Z
903,1.13321,1.13323,1250000.0,1000000.0,2018-10-31T12:53:38.680000Z
904,1.13321,1.13323,3190000.0572,1000000.0,2018-10-31T12:53:39.206000Z
905,1.13321,1.13323,1250000.0,1200000.0477,2018-10-31T12:53:39.776000Z
906,1.1332,1.13323,1120000.0048,4500000.0,2018-10-31T12:53:40.389000Z
907,1.1332,1.1332200000000001,1000000.0,2250000.0,2018-10-31T12:53:40.898000Z
908,1.1332,1.13323,1500000.0,3819999.9332,2018-10-31T12:53:41.413000Z
909,1.1332200000000001,1.13323,1000000.0,1000000.0,2018-10-31T12:53:41.945000Z
910,1.1332,1.13323,4309999.9428,1000000.0,2018-10-31T12:53:42.155000Z
911,1.1332,1.13321,5059999.9428,2099999.9046,2018-10-31T12:53:42.312000Z
912,1.1331600000000002,1.13319,1870000.0048,1120000.0048,2018-10-31T12:53:42.541000Z
913,1.1331700000000002,1.13319,3000000.0,1000000.0,2018-10-31T12:53:42.655000Z
914,1.1332,1.13323,1690000.0572,1000000.0,2018-10-31T12:53:42.813000Z
915,1.13321,1.13323,1000000.0,1000000.0,2018-10-31T12:53:43.342000Z
916,1.1332200000000001,1.13323,1500000.0,1000000.0,2018-10-31T12:53:43.881000Z
917,1.13321,1.13323,1690000.0572,1000000.0,2018-10-31T12:53:44.394000Z
918,1.1332200000000001,1.13323,1000000.0,1000000.0,2018-10-31T12:53:45.239000Z
919,1.13321,1.13323,1690000.0572,1000000.0,2018-10-31T12:53:45.959000Z
920,1.1332,1.13323,3750000.0,3450000.0477,2018-10-31T12:53:47.427000Z
921,1.1332,1.13323,3940000.0572,3000000.0,2018-10-31T12:53:47.948000Z
922,1.1332200000000001,1.13323,1000000.0,1000000.0,2018-10-31T12:53:48Z
923,1.1332,1.13323,1120000.0048,1000000.0,2018-10-31T12:53:49.517000Z
924,1.1332,1.1332200000000001,1690000.0572,1000000.0,2018-10-31T12:53:50.792000Z
925,1.13321,1.13323,1000000.0,5320000.1717,2018-10-31T12:53:51.333000Z
926,1.1332,1.13323,6559999.9428,1000000.0,2018-10-31T12:53:52.088000Z
927,1.13321,1.13323,1000000.0,1120000.0048,2018-10-31T12:53:52.909000Z
928,1.13319,1.13323,4309999.9428,1350000.0238,2018-10-31T12:53:53.436000Z
929,1.1332,1.13323,2250000.0,3000000.0,2018-10-31T12:53:54.065000Z
930,1.13319,1.13323,7309999.9428,1500000.0,2018-10-31T12:53:54.612000Z
931,1.1332,1.13323,1000000.0,6000000.0,2018-10-31T12:53:55.161000Z
932,1.13319,1.13323,5059999.9428,4500000.0,2018-10-31T12:53:55.695000Z
933,1.13319,1.13323,6750000.0,1500000.0,2018-10-31T12:53:56.220000Z
934,1.1332,1.13323,1190000.0572,1690000.0572,2018-10-31T12:53:57.205000Z
935,1.13319,1.13323,7869999.8856,1000000.0,2018-10-31T12:53:57.728000Z
936,1.13319,1.13323,5440000.0572,1500000.0,2018-10-31T12:53:58.361000Z
937,1.1332,1.13323,1500000.0,5699999.8093,2018-10-31T12:53:58.899000Z
938,1.13319,1.13323,5619999.8856,3450000.0477,2018-10-31T12:53:59.945000Z
939,1.13319,1.13323,4909999.8474,2700000.0477,2018-10-31T12:54:00.804000Z
940,1.13319,1.1332,3000000.0,1000000.0,2018-10-31T12:54:00.857000Z
941,1.1331700000000002,1.13321,5250000.0,3750000.0,2018-10-31T12:54:00.961000Z
942,1.1331700000000002,1.1332,1120000.0048,3490000.0095,2018-10-31T12:54:01.511000Z
943,1.1331600000000002,1.13318,1250000.0,1000000.0,2018-10-31T12:54:01.568000Z
944,1.13318,1.13319,1000000.0,1000000.0,2018-10-31T12:54:02.239000Z
945,1.13318,1.1332200000000001,7760000.2289,4500000.0,2018-10-31T12:54:02.551000Z
946,1.13319,1.1332200000000001,1690000.0572,1500000.0,2018-10-31T12:54:03.092000Z
947,1.1332,1.1332200000000001,1690000.0572,1500000.0,2018-10-31T12:54:03.400000Z
948,1.1332,1.1332200000000001,1500000.0,1000000.0,2018-10-31T12:54:03.939000Z
949,1.13319,1.13321,3369999.8856,6039999.9619,2018-10-31T12:54:04.639000Z
950,1.13315,1.13318,2809999.9428,2099999.9046,2018-10-31T12:54:04.745000Z
951,1.13315,1.13318,4869999.8856,1000000.0,2018-10-31T12:54:07.015000Z
952,1.1331600000000002,1.1331700000000002,1000000.0,1870000.0048,2018-10-31T12:54:07.547000Z
953,1.13311,1.13313,2890000.1049,1000000.0,2018-10-31T12:54:07.600000Z
954,1.13311,1.13313,1870000.0048,1000000.0,2018-10-31T12:54:08.204000Z
955,1.13311,1.13313,1000000.0,1000000.0,2018-10-31T12:54:08.729000Z
956,1.1331,1.13313,1009999.9905,1120000.0048,2018-10-31T12:54:09.310000Z
957,1.13309,1.13311,2250000.0,5699999.8093,2018-10-31T12:54:09.364000Z
958,1.13309,1.13313,6000000.0,1000000.0,2018-10-31T12:54:09.756000Z
959,1.13309,1.13313,2619999.8856,2740000.0095,2018-10-31T12:54:10.305000Z
960,1.1331,1.13313,1500000.0,3069999.9332,2018-10-31T12:54:10.843000Z
961,1.1331200000000001,1.13315,2809999.9428,2319999.9332,2018-10-31T12:54:11.211000Z
962,1.13314,1.13318,5889999.8665,1470000.0286,2018-10-31T12:54:11.478000Z
963,1.13314,1.13319,2809999.9428,4949999.8093,2018-10-31T12:54:11.767000Z
964,1.13314,1.13315,1200000.0477,3000000.0,2018-10-31T12:54:12.281000Z
965,1.13309,1.13314,4690000.0572,8170000.0763,2018-10-31T12:54:12.432000Z
966,1.13311,1.13314,1000000.0,3819999.9332,2018-10-31T12:54:12.801000Z
967,1.13311,1.13315,3640000.1049,4389999.8665,2018-10-31T12:54:13.086000Z
968,1.13311,1.13314,1250000.0,1000000.0,2018-10-31T12:54:13.834000Z
969,1.1331,1.13314,1100000.0238,3000000.0,2018-10-31T12:54:14.440000Z
970,1.13311,1.13314,1250000.0,5440000.0572,2018-10-31T12:54:14.987000Z
971,1.13311,1.13313,1250000.0,1000000.0,2018-10-31T12:54:15.505000Z
972,1.1331,1.13313,1500000.0,1500000.0,2018-10-31T12:54:16.056000Z
973,1.13308,1.13311,8140000.3433,1000000.0,2018-10-31T12:54:16.162000Z
974,1.1330600000000002,1.13309,1500000.0,1000000.0,2018-10-31T12:54:16.269000Z
975,1.1330600000000002,1.13307,1000000.0,1500000.0,2018-10-31T12:54:16.323000Z
976,1.13303,1.13307,4010000.2289,1500000.0,2018-10-31T12:54:16.500000Z
977,1.1330500000000001,1.13308,1190000.0572,1570000.0525,2018-10-31T12:54:16.761000Z
978,1.1330500000000001,1.13309,4949999.8093,2440000.0572,2018-10-31T12:54:17.263000Z
979,1.133,1.13304,1000000.0,4570000.1717,2018-10-31T12:54:17.600000Z
980,1.13301,1.13304,1000000.0,3819999.9332,2018-10-31T12:54:18.138000Z
981,1.13299,1.13301,4199999.8093,1350000.0238,2018-10-31T12:54:18.401000Z
982,1.13299,1.13303,1440000.0572,1570000.0525,2018-10-31T12:54:18.614000Z
983,1.1329799999999999,1.13299,1309999.9428,1000000.0,2018-10-31T12:54:18.990000Z
984,1.1329500000000001,1.13299,1759999.9905,1000000.0,2018-10-31T12:54:19.200000Z
985,1.1329500000000001,1.133,1759999.9905,4980000.0191,2018-10-31T12:54:19.727000Z
986,1.1329500000000001,1.13299,5320000.1717,1250000.0,2018-10-31T12:54:20.273000Z
987,1.1329500000000001,1.13299,1570000.0525,1000000.0,2018-10-31T12:54:20.825000Z
988,1.13294,1.1329799999999999,5320000.1717,3750000.0,2018-10-31T12:54:21.348000Z
989,1.13294,1.13297,1570000.0525,3750000.0,2018-10-31T12:54:21.880000Z
990,1.13294,1.13299,4570000.1717,3259999.9905,2018-10-31T12:54:21.985000Z
991,1.1329500000000001,1.13299,1250000.0,1100000.0238,2018-10-31T12:54:22.538000Z
992,1.13294,1.1329799999999999,6820000.1717,1000000.0,2018-10-31T12:54:23.057000Z
993,1.1329799999999999,1.133,1690000.0572,5320000.1717,2018-10-31T12:54:24.744000Z
994,1.1329799999999999,1.13301,1190000.0572,2440000.0572,2018-10-31T12:54:24.849000Z
995,1.13297,1.13301,2440000.0572,3819999.9332,2018-10-31T12:54:24.955000Z
996,1.1329600000000002,1.1329799999999999,1000000.0,1000000.0,2018-10-31T12:54:25.114000Z
997,1.1329500000000001,1.13299,1690000.0572,3819999.9332,2018-10-31T12:54:27.002000Z
998,1.1329500000000001,1.13299,2440000.0572,4570000.1717,2018-10-31T12:54:27.513000Z
999,1.1329500000000001,1.13299,1759999.9905,1000000.0,2018-10-31T12:54:28.206000Z
1000,1.13294,1.13299,3819999.9332,4010000.2289,2018-10-31T12:54:28.636000Z
1001,1.13294,1.13297,1100000.0238,1000000.0,2018-10-31T12:54:28.688000Z
1002,1.13293,1.1329600000000002,8319999.6948,1000000.0,2018-10-31T12:54:29.126000Z
1003,1.13291,1.13294,1000000.0,1500000.0,2018-10-31T12:54:29.283000Z
1004,1.13293,1.1329500000000001,2440000.0572,1950000.0477,2018-10-31T12:54:29.704000Z
1005,1.13294,1.13299,2619999.8856,5250000.0,2018-10-31T12:54:29.935000Z
1006,1.13294,1.1329799999999999,6889999.8665,1000000.0,2018-10-31T12:54:30.457000Z
1007,1.13294,1.1329600000000002,1759999.9905,1000000.0,2018-10-31T12:54:31.131000Z
1008,1.13293,1.1329500000000001,1000000.0,2809999.9428,2018-10-31T12:54:31.723000Z
1009,1.1329200000000001,1.1329500000000001,1500000.0,1690000.0572,2018-10-31T12:54:32.325000Z
1010,1.1329200000000001,1.13294,1000000.0,1000000.0,2018-10-31T12:54:35.276000Z
1011,1.13291,1.13294,1009999.9905,1100000.0238,2018-10-31T12:54:35.849000Z
1012,1.1329,1.13294,1870000.0048,1100000.0238,2018-10-31T12:54:36.401000Z
1013,1.1329,1.13294,4579999.9237,1000000.0,2018-10-31T12:54:38.169000Z
1014,1.1329,1.13294,1250000.0,6260000.2289,2018-10-31T12:54:38.758000Z
1015,1.1329,1.13294,5889999.8665,6940000.0572,2018-10-31T12:54:39.072000Z
1016,1.1329,1.1329200000000001,2700000.0477,1000000.0,2018-10-31T12:54:39.545000Z
1017,1.1329,1.13294,1200000.0477,7500000.0,2018-10-31T12:54:39.599000Z
1018,1.13289,1.13291,1309999.9428,3750000.0,2018-10-31T12:54:39.914000Z
1019,1.13287,1.1329,1690000.0572,1500000.0,2018-10-31T12:54:40.073000Z
1020,1.13289,1.13291,1000000.0,5320000.1717,2018-10-31T12:54:40.224000Z
1021,1.13291,1.13293,1250000.0,1000000.0,2018-10-31T12:54:40.652000Z
1022,1.13291,1.13294,1250000.0,1500000.0,2018-10-31T12:54:41.171000Z
1023,1.1329,1.13294,4389999.8665,3190000.0572,2018-10-31T12:54:42.035000Z
1024,1.13294,1.1329600000000002,1000000.0,5699999.8093,2018-10-31T12:54:42.397000Z
1025,1.1329200000000001,1.13294,1000000.0,1250000.0,2018-10-31T12:54:42.450000Z
1026,1.13291,1.13294,1870000.0048,4760000.2289,2018-10-31T12:54:42.984000Z
1027,1.13291,1.13294,1000000.0,5889999.8665,2018-10-31T12:54:43.754000Z
1028,1.13291,1.13294,1000000.0,4690000.0572,2018-10-31T12:54:44.290000Z
1029,1.1329200000000001,1.13294,1000000.0,1500000.0,2018-10-31T12:54:44.804000Z
1030,1.1329200000000001,1.13294,1690000.0572,1690000.0572,2018-10-31T12:54:46.763000Z
1031,1.1329200000000001,1.13294,1250000.0,1000000.0,2018-10-31T12:54:47.278000Z
1032,1.13291,1.1329200000000001,1570000.0525,1000000.0,2018-10-31T12:54:47.713000Z
1033,1.1329200000000001,1.13294,1870000.0048,1000000.0,2018-10-31T12:54:47.767000Z
1034,1.13293,1.1329500000000001,3819999.9332,1000000.0,2018-10-31T12:54:47.875000Z
1035,1.1329200000000001,1.1329500000000001,3369999.8856,1000000.0,2018-10-31T12:54:48.414000Z
1036,1.1329200000000001,1.1329600000000002,2140000.1049,5250000.0,2018-10-31T12:54:48.918000Z
1037,1.13293,1.1329500000000001,1100000.0238,4500000.0,2018-10-31T12:54:49.421000Z
1038,1.1329600000000002,1.1329799999999999,1000000.0,1000000.0,2018-10-31T12:54:49.475000Z
1039,1.133,1.1330200000000001,10390000.3433,1000000.0,2018-10-31T12:54:49.795000Z
1040,1.1330200000000001,1.13304,1100000.0238,2250000.0,2018-10-31T12:54:49.847000Z
1041,1.133,1.1330200000000001,1200000.0477,2250000.0,2018-10-31T12:54:50.096000Z
1042,1.1329799999999999,1.133,1000000.0,2619999.8856,2018-10-31T12:54:50.231000Z
1043,1.1329799999999999,1.13301,2890000.1049,1000000.0,2018-10-31T12:54:50.744000Z
1044,1.13289,1.1329,1120000.0048,1000000.0,2018-10-31T12:54:50.850000Z
1045,1.13287,1.13289,2250000.0,3559999.9428,2018-10-31T12:54:51.063000Z
1046,1.13291,1.13293,1100000.0238,6750000.0,2018-10-31T12:54:51.629000Z
1047,1.13293,1.13294,4119999.8856,1200000.0477,2018-10-31T12:54:51.683000Z
1048,1.13291,1.13294,3069999.9332,1000000.0,2018-10-31T12:54:52.186000Z
1049,1.13291,1.13294,2059999.9428,1000000.0,2018-10-31T12:54:52.721000Z
1050,1.1329200000000001,1.13294,1250000.0,1000000.0,2018-10-31T12:54:53.966000Z
1051,1.13293,1.13294,1000000.0,1000000.0,2018-10-31T12:54:54.491000Z
1052,1.1329600000000002,1.13299,1500000.0,3559999.9428,2018-10-31T12:54:54.734000Z
1053,1.13301,1.13303,1000000.0,1100000.0238,2018-10-31T12:54:54.995000Z
1054,1.13301,1.13304,5510000.2289,1000000.0,2018-10-31T12:54:55.497000Z
1055,1.13301,1.13303,1690000.0572,1000000.0,2018-10-31T12:54:56.017000Z
1056,1.13301,1.1330500000000001,4949999.8093,1500000.0,2018-10-31T12:54:56.162000Z
1057,1.13301,1.13304,1759999.9905,2440000.0572,2018-10-31T12:54:56.688000Z
1058,1.13301,1.13304,1000000.0,3559999.9428,2018-10-31T12:54:57.228000Z
1059,1.13301,1.1330200000000001,1000000.0,1000000.0,2018-10-31T12:54:58.046000Z
1060,1.13301,1.13304,1000000.0,2440000.0572,2018-10-31T12:54:58.462000Z
1061,1.133,1.13304,2140000.1049,4690000.0572,2018-10-31T12:54:59.011000Z
1062,1.133,1.13304,1759999.9905,4309999.9428,2018-10-31T12:55:00.029000Z
1063,1.13299,1.133,1200000.0477,1000000.0,2018-10-31T12:55:00.136000Z
1064,1.13297,1.13299,1500000.0,1500000.0,2018-10-31T12:55:00.240000Z
1065,1.13294,1.1329600000000002,2619999.8856,3059999.9428,2018-10-31T12:55:00.398000Z
1066,1.1329500000000001,1.13299,2509999.9905,6110000.1335,2018-10-31T12:55:00.599000Z
1067,1.1329500000000001,1.13299,2509999.9905,4420000.0763,2018-10-31T12:55:01.120000Z
1068,1.1329500000000001,1.13299,2140000.1049,1950000.0477,2018-10-31T12:55:01.648000Z
1069,1.1329799999999999,1.13299,1000000.0,1000000.0,2018-10-31T12:55:02.121000Z
1070,1.1329600000000002,1.13299,1200000.0477,1000000.0,2018-10-31T12:55:02.678000Z
1071,1.13297,1.13301,5510000.2289,1000000.0,2018-10-31T12:55:02.992000Z
1072,1.1329600000000002,1.13299,1200000.0477,1000000.0,2018-10-31T12:55:03.193000Z
1073,1.13297,1.13299,1000000.0,2359999.8951,2018-10-31T12:55:03.717000Z
1074,1.1329600000000002,1.13299,1500000.0,2440000.0572,2018-10-31T12:55:04.262000Z
1075,1.13297,1.13299,1000000.0,3109999.8951,2018-10-31T12:55:04.797000Z
1076,1.13297,1.1329799999999999,1000000.0,1500000.0,2018-10-31T12:55:05.802000Z
1077,1.1329600000000002,1.13299,1500000.0,2619999.8856,2018-10-31T12:55:06.305000Z
1078,1.13297,1.13299,1000000.0,3450000.0477,2018-10-31T12:55:07.085000Z
1079,1.13297,1.1329799999999999,1000000.0,1000000.0,2018-10-31T12:55:07.613000Z
1080,1.1329600000000002,1.1329799999999999,1000000.0,2250000.0,2018-10-31T12:55:08.407000Z
1081,1.1329500000000001,1.1329600000000002,1000000.0,1000000.0,2018-10-31T12:55:08.720000Z
1082,1.13293,1.1329600000000002,5699999.8093,1500000.0,2018-10-31T12:55:09.037000Z
1083,1.1329200000000001,1.13294,1200000.0477,1000000.0,2018-10-31T12:55:09.195000Z
1084,1.1329200000000001,1.1329500000000001,1000000.0,1000000.0,2018-10-31T12:55:09.872000Z
1085,1.1329,1.13294,10199999.8093,2440000.0572,2018-10-31T12:55:10.398000Z
1086,1.13291,1.13294,1000000.0,2809999.9428,2018-10-31T12:55:10.450000Z
1087,1.13289,1.1329,4949999.8093,1000000.0,2018-10-31T12:55:10.503000Z
1088,1.13291,1.13293,1000000.0,4119999.8856,2018-10-31T12:55:10.699000Z
1089,1.1328799999999999,1.13291,2700000.0477,1000000.0,2018-10-31T12:55:10.922000Z
1090,1.13289,1.13293,3000000.0,3079999.9237,2018-10-31T12:55:11.135000Z
1091,1.13289,1.1329200000000001,1000000.0,2440000.0572,2018-10-31T12:55:11.550000Z
1092,1.13287,1.1329,1250000.0,3000000.0,2018-10-31T12:55:11.724000Z
1093,1.1328600000000002,1.1328799999999999,1100000.0238,1000000.0,2018-10-31T12:55:12.036000Z
1094,1.1328500000000001,1.1328799999999999,1120000.0048,1000000.0,2018-10-31T12:55:12.625000Z
1095,1.1328500000000001,1.13287,1500000.0,1000000.0,2018-10-31T12:55:14.097000Z
1096,1.13283,1.1328600000000002,4570000.1717,1000000.0,2018-10-31T12:55:14.154000Z
1097,1.1328500000000001,1.13287,1000000.0,1200000.0477,2018-10-31T12:55:14.509000Z
1098,1.13283,1.1328600000000002,5699999.8093,1000000.0,2018-10-31T12:55:15.621000Z
1099,1.13284,1.13287,8439999.5804,1000000.0,2018-10-31T12:55:16.143000Z
1100,1.13284,1.13287,18069999.6948,1000000.0,2018-10-31T12:55:16.695000Z
1101,1.1328500000000001,1.13289,4949999.8093,1500000.0,2018-10-31T12:55:17.176000Z
1102,1.1328600000000002,1.13289,4690000.0572,1500000.0,2018-10-31T12:55:17.754000Z
1103,1.13287,1.1329,3450000.0477,1870000.0048,2018-10-31T12:55:18.169000Z
1104,1.1328799999999999,1.1329200000000001,7869999.8856,2619999.8856,2018-10-31T12:55:18.277000Z
1105,1.13289,1.13293,8470000.267,1870000.0048,2018-10-31T12:55:18.793000Z
1106,1.13289,1.1329200000000001,1690000.0572,1000000.0,2018-10-31T12:55:19.297000Z
1107,1.13289,1.13293,5889999.8665,2319999.9332,2018-10-31T12:55:19.817000Z
1108,1.1328799999999999,1.13289,4199999.8093,1500000.0,2018-10-31T12:55:19.923000Z
1109,1.13287,1.13289,1000000.0,4760000.2289,2018-10-31T12:55:20.149000Z
1110,1.13287,1.13289,1000000.0,3259999.9905,2018-10-31T12:55:20.666000Z
1111,1.13287,1.1328799999999999,1000000.0,1250000.0,2018-10-31T12:55:21.571000Z
1112,1.1328500000000001,1.13289,1000000.0,4010000.2289,2018-10-31T12:55:21.849000Z
1113,1.1328500000000001,1.1328600000000002,1000000.0,1000000.0,2018-10-31T12:55:21.959000Z
1114,1.1328200000000002,1.13284,1500000.0,1000000.0,2018-10-31T12:55:22.065000Z
1115,1.13281,1.1328200000000002,1250000.0,1000000.0,2018-10-31T12:55:22.513000Z
1116,1.1328,1.1328200000000002,2440000.0572,1000000.0,2018-10-31T12:55:23.035000Z
1117,1.1328,1.13283,1120000.0048,1000000.0,2018-10-31T12:55:23.554000Z
1118,1.13279,1.13281,2059999.9428,1500000.0,2018-10-31T12:55:23.884000Z
1119,1.13276,1.13278,3000000.0,1120000.0048,2018-10-31T12:55:23.991000Z
1120,1.1327,1.1327200000000002,1120000.0048,5099999.9046,2018-10-31T12:55:24.043000Z
1121,1.13267,1.13269,1710000.0381,1000000.0,2018-10-31T12:55:24.199000Z
1122,1.13266,1.13268,1240000.0095,1450000.0477,2018-10-31T12:55:24.554000Z
1123,1.13264,1.13268,1500000.0,1000000.0,2018-10-31T12:55:24.660000Z
1124,1.13266,1.13268,1000000.0,1200000.0477,2018-10-31T12:55:24.713000Z
1125,1.13264,1.13268,1659999.9666,1000000.0,2018-10-31T12:55:24.899000Z
1126,1.1326200000000002,1.13267,5320000.1717,2250000.0,2018-10-31T12:55:25.317000Z
1127,1.1326200000000002,1.1326500000000002,1200000.0477,1009999.9905,2018-10-31T12:55:25.825000Z
1128,1.1326,1.1326500000000002,5699999.8093,4010000.2289,2018-10-31T12:55:26.037000Z
1129,1.1326,1.1326500000000002,5139999.8665,2140000.1049,2018-10-31T12:55:26.412000Z
1130,1.1326100000000001,1.1326500000000002,1570000.0525,3940000.0572,2018-10-31T12:55:26.928000Z
1131,1.1326100000000001,1.1326500000000002,1309999.9428,2509999.9905,2018-10-31T12:55:27.661000Z
1132,1.1326,1.13263,3190000.0572,3000000.0,2018-10-31T12:55:28.183000Z
1133,1.1326,1.1326200000000002,1000000.0,1000000.0,2018-10-31T12:55:28.846000Z
1134,1.1326200000000002,1.13264,1690000.0572,1000000.0,2018-10-31T12:55:29.185000Z
1135,1.1326,1.13264,4119999.8856,2700000.0477,2018-10-31T12:55:29.717000Z
1136,1.13263,1.13266,1000000.0,1759999.9905,2018-10-31T12:55:30.185000Z
1137,1.1326100000000001,1.13264,1570000.0525,1000000.0,2018-10-31T12:55:30.360000Z
1138,1.1326,1.1326200000000002,3000000.0,1000000.0,2018-10-31T12:55:30.625000Z
1139,1.1326,1.1326200000000002,1120000.0048,1100000.0238,2018-10-31T12:55:31.177000Z
1140,1.13258,1.1326100000000001,1190000.0572,2440000.0572,2018-10-31T12:55:31.726000Z
1141,1.13257,1.1326100000000001,4119999.8856,4389999.8665,2018-10-31T12:55:31.830000Z
1142,1.13259,1.13263,2059999.9428,13010000.2289,2018-10-31T12:55:32.168000Z
1143,1.1326,1.13263,1190000.0572,7760000.2289,2018-10-31T12:55:32.484000Z
1144,1.13259,1.13263,1250000.0,5320000.1717,2018-10-31T12:55:32.808000Z
1145,1.13259,1.1326200000000002,1190000.0572,1759999.9905,2018-10-31T12:55:33.081000Z
1146,1.13259,1.1326100000000001,2809999.9428,1309999.9428,2018-10-31T12:55:33.459000Z
1147,1.1326,1.1326200000000002,1250000.0,1200000.0477,2018-10-31T12:55:34.091000Z
1148,1.13259,1.1326,3069999.9332,1120000.0048,2018-10-31T12:55:34.362000Z
1149,1.13258,1.1326200000000002,5250000.0,3819999.9332,2018-10-31T12:55:34.469000Z
1150,1.13259,1.13263,1759999.9905,2809999.9428,2018-10-31T12:55:35.028000Z
1151,1.13259,1.13263,1950000.0477,2509999.9905,2018-10-31T12:55:35.551000Z
1152,1.13259,1.13263,1120000.0048,2890000.1049,2018-10-31T12:55:36.280000Z
1153,1.1326,1.13263,1000000.0,1950000.0477,2018-10-31T12:55:36.954000Z
1154,1.13259,1.13263,7869999.8856,3380000.1144,2018-10-31T12:55:38.005000Z
1155,1.13263,1.13264,1500000.0,1000000.0,2018-10-31T12:55:38.667000Z
1156,1.13263,1.13266,2250000.0,7500000.0,2018-10-31T12:55:39.020000Z
1157,1.1326200000000002,1.1326500000000002,1000000.0,2700000.0477,2018-10-31T12:55:39.074000Z
1158,1.1326200000000002,1.1326500000000002,1000000.0,3069999.9332,2018-10-31T12:55:39.595000Z
1159,1.1326,1.13264,4500000.0,2619999.8856,2018-10-31T12:55:39.910000Z
1160,1.1326100000000001,1.1326500000000002,1190000.0572,5320000.1717,2018-10-31T12:55:40.015000Z
1161,1.1326,1.13264,2509999.9905,1500000.0,2018-10-31T12:55:40.221000Z
1162,1.1326,1.13264,1389999.9857,1309999.9428,2018-10-31T12:55:40.741000Z
1163,1.13264,1.1326500000000002,2250000.0,4570000.1717,2018-10-31T12:55:41.058000Z
1164,1.13268,1.13269,2250000.0,1000000.0,2018-10-31T12:55:41.220000Z
1165,1.1326500000000002,1.1327,4199999.8093,3750000.0,2018-10-31T12:55:41.406000Z
1166,1.1326500000000002,1.13268,2890000.1049,1690000.0572,2018-10-31T12:55:41.776000Z
1167,1.13263,1.13266,1500000.0,2059999.9428,2018-10-31T12:55:42.091000Z
1168,1.1326,1.1326500000000002,3069999.9332,4199999.8093,2018-10-31T12:55:42.408000Z
1169,1.1326,1.1326500000000002,3640000.1049,6260000.2289,2018-10-31T12:55:43.129000Z
1170,1.13259,1.13263,1759999.9905,3369999.8856,2018-10-31T12:55:43.762000Z
1171,1.13259,1.1326100000000001,1000000.0,1000000.0,2018-10-31T12:55:44.263000Z
1172,1.1326,1.13263,1190000.0572,7760000.2289,2018-10-31T12:55:45.201000Z
1173,1.1326,1.1326200000000002,1500000.0,1120000.0048,2018-10-31T12:55:45.706000Z
1174,1.13259,1.1326100000000001,3940000.0572,1000000.0,2018-10-31T12:55:46.290000Z
1175,1.13259,1.1326100000000001,1500000.0,1000000.0,2018-10-31T12:55:46.827000Z
1176,1.13259,1.1326200000000002,2250000.0,3069999.9332,2018-10-31T12:55:47.369000Z
1177,1.13258,1.1326100000000001,4500000.0,1500000.0,2018-10-31T12:55:47.886000Z
1178,1.13259,1.1326100000000001,1000000.0,1100000.0238,2018-10-31T12:55:48.464000Z
1179,1.13259,1.13263,1690000.0572,10199999.8093,2018-10-31T12:55:49.647000Z
1180,1.13259,1.13263,1690000.0572,3450000.0477,2018-10-31T12:55:50.180000Z
1181,1.1326100000000001,1.13263,1000000.0,1120000.0048,2018-10-31T12:55:50.727000Z
1182,1.1326100000000001,1.13263,1690000.0572,1000000.0,2018-10-31T12:55:52.366000Z
1183,1.1326100000000001,1.13263,1570000.0525,1000000.0,2018-10-31T12:55:52.910000Z
1184,1.1326200000000002,1.1326500000000002,2059999.9428,1500000.0,2018-10-31T12:55:52.964000Z
1185,1.13264,1.13266,1000000.0,4199999.8093,2018-10-31T12:55:53.018000Z
1186,1.13263,1.1326500000000002,1000000.0,1000000.0,2018-10-31T12:55:53.072000Z
1187,1.1326200000000002,1.1326500000000002,3000000.0,1000000.0,2018-10-31T12:55:53.583000Z
1188,1.1326,1.1326100000000001,4949999.8093,1000000.0,2018-10-31T12:55:53.639000Z
1189,1.13258,1.1326100000000001,1950000.0477,3000000.0,2018-10-31T12:55:53.746000Z
1190,1.1326,1.1326100000000001,1000000.0,1000000.0,2018-10-31T12:55:54.046000Z
1191,1.1326100000000001,1.13264,1000000.0,3450000.0477,2018-10-31T12:55:54.155000Z
1192,1.1326,1.13264,4199999.8093,1120000.0048,2018-10-31T12:55:54.680000Z
1193,1.1326,1.13263,1950000.0477,1000000.0,2018-10-31T12:55:55.270000Z
1194,1.1326,1.1326100000000001,1120000.0048,1000000.0,2018-10-31T12:55:55.377000Z
1195,1.1326100000000001,1.13264,1120000.0048,1879999.9952,2018-10-31T12:55:55.536000Z
1196,1.1326200000000002,1.1326500000000002,1000000.0,3190000.0572,2018-10-31T12:55:56.083000Z
1197,1.1326200000000002,1.13264,1250000.0,1250000.0,2018-10-31T12:55:56.513000Z
1198,1.1326100000000001,1.13264,4010000.2289,1250000.0,2018-10-31T12:55:57.049000Z
1199,1.1326200000000002,1.13264,1000000.0,1690000.0572,2018-10-31T12:55:57.577000Z
1200,1.1326200000000002,1.13263,1000000.0,1250000.0,2018-10-31T12:55:58.128000Z
1201,1.1326,1.1326200000000002,3640000.1049,1000000.0,2018-10-31T12:55:58.235000Z
1202,1.1326100000000001,1.13264,1250000.0,4309999.9428,2018-10-31T12:55:58.584000Z
1203,1.13259,1.1326100000000001,1000000.0,1500000.0,2018-10-31T12:55:58.688000Z
1204,1.13257,1.1326100000000001,4389999.8665,1000000.0,2018-10-31T12:56:00.374000Z
1205,1.13259,1.1326100000000001,1000000.0,1000000.0,2018-10-31T12:56:00.587000Z
1206,1.1326,1.13263,1500000.0,1690000.0572,2018-10-31T12:56:00.869000Z
1207,1.13259,1.13263,1950000.0477,2440000.0572,2018-10-31T12:56:01.502000Z
1208,1.1326100000000001,1.1326200000000002,1000000.0,1000000.0,2018-10-31T12:56:01.708000Z
1209,1.1326100000000001,1.13263,2140000.1049,1000000.0,2018-10-31T12:56:02.258000Z
1210,1.1326100000000001,1.13264,2890000.1049,1000000.0,2018-10-31T12:56:04.772000Z
1211,1.1326100000000001,1.13264,5139999.8665,2440000.0572,2018-10-31T12:56:05.414000Z
1212,1.1326200000000002,1.13264,1700000.0477,1690000.0572,2018-10-31T12:56:05.974000Z
1213,1.13264,1.13266,1000000.0,1690000.0572,2018-10-31T12:56:06.029000Z
1214,1.13264,1.13268,3450000.0477,2619999.8856,2018-10-31T12:56:06.133000Z
1215,1.1326500000000002,1.13268,1009999.9905,3369999.8856,2018-10-31T12:56:06.401000Z
1216,1.13264,1.13266,1200000.0477,4869999.8856,2018-10-31T12:56:06.740000Z
1217,1.13263,1.1326500000000002,1500000.0,1000000.0,2018-10-31T12:56:07.263000Z
1218,1.1326200000000002,1.1326500000000002,3450000.0477,2440000.0572,2018-10-31T12:56:07.839000Z
1219,1.1326100000000001,1.13263,2890000.1049,2619999.8856,2018-10-31T12:56:09.010000Z
1220,1.1326,1.1326200000000002,5699999.8093,1120000.0048,2018-10-31T12:56:09.169000Z
1221,1.13258,1.13259,1200000.0477,1000000.0,2018-10-31T12:56:09.434000Z
1222,1.13257,1.13259,1000000.0,3369999.8856,2018-10-31T12:56:09.671000Z
1223,1.13258,1.13259,1000000.0,1000000.0,2018-10-31T12:56:10.196000Z
1224,1.13256,1.13257,1100000.0238,3000000.0,2018-10-31T12:56:10.647000Z
1225,1.13254,1.13257,1200000.0477,1870000.0048,2018-10-31T12:56:10.858000Z
1226,1.13255,1.13256,1000000.0,1000000.0,2018-10-31T12:56:11.385000Z
1227,1.13255,1.13257,1000000.0,3369999.8856,2018-10-31T12:56:11.923000Z
1228,1.13255,1.13257,1000000.0,4119999.8856,2018-10-31T12:56:12.462000Z
1229,1.13254,1.13256,1100000.0238,1309999.9428,2018-10-31T12:56:13.010000Z
1230,1.13255,1.13257,1200000.0477,5619999.8856,2018-10-31T12:56:13.882000Z
1231,1.13254,1.13256,1100000.0238,1000000.0,2018-10-31T12:56:14.392000Z
1232,1.13255,1.13257,1000000.0,1120000.0048,2018-10-31T12:56:15.010000Z
1233,1.1325200000000002,1.13253,1500000.0,2250000.0,2018-10-31T12:56:15.116000Z
1234,1.1325100000000001,1.13255,2809999.9428,3750000.0,2018-10-31T12:56:15.273000Z
1235,1.1325200000000002,1.13255,1289999.9619,1309999.9428,2018-10-31T12:56:15.378000Z
1236,1.1325200000000002,1.13256,2700000.0477,5440000.0572,2018-10-31T12:56:15.901000Z
1237,1.13254,1.13257,1250000.0,6940000.0572,2018-10-31T12:56:16.474000Z
1238,1.1325200000000002,1.13254,1120000.0048,3000000.0,2018-10-31T12:56:16.814000Z
1239,1.1325,1.1325200000000002,7570000.1717,1870000.0048,2018-10-31T12:56:19.239000Z
1240,1.1324100000000001,1.1324400000000001,1690000.0572,3000000.0,2018-10-31T12:56:19.521000Z
1241,1.1324400000000001,1.13245,1500000.0,4119999.8856,2018-10-31T12:56:19.575000Z
1242,1.13245,1.13248,1250000.0,3599999.9046,2018-10-31T12:56:19.717000Z
1243,1.13246,1.13247,1500000.0,3000000.0,2018-10-31T12:56:19.772000Z
1244,1.1324400000000001,1.13247,1250000.0,4119999.8856,2018-10-31T12:56:20.014000Z
1245,1.13243,1.13245,1500000.0,1500000.0,2018-10-31T12:56:20.068000Z
1246,1.1324200000000002,1.1324400000000001,1000000.0,3940000.0572,2018-10-31T12:56:20.434000Z
1247,1.1324100000000001,1.1324400000000001,1500000.0,2619999.8856,2018-10-31T12:56:20.486000Z
1248,1.1324,1.1324100000000001,1000000.0,1000000.0,2018-10-31T12:56:20.644000Z
1249,1.13239,1.1324200000000002,1250000.0,1120000.0048,2018-10-31T12:56:21.164000Z
1250,1.1324,1.1324100000000001,1000000.0,1000000.0,2018-10-31T12:56:21.709000Z
1251,1.13238,1.1324100000000001,1009999.9905,1000000.0,2018-10-31T12:56:22Z
1252,1.13238,1.13239,1000000.0,1500000.0,2018-10-31T12:56:22.159000Z
1253,1.13236,1.1324,1500000.0,11699999.8093,2018-10-31T12:56:22.212000Z
1254,1.13236,1.1324,3559999.9428,1120000.0048,2018-10-31T12:56:22.643000Z
1255,1.13237,1.1324,1000000.0,1100000.0238,2018-10-31T12:56:23.146000Z
1256,1.1323400000000001,1.13238,11380000.1144,3190000.0572,2018-10-31T12:56:23.357000Z
1257,1.13237,1.13239,1000000.0,1000000.0,2018-10-31T12:56:23.875000Z
1258,1.13236,1.13239,1009999.9905,1000000.0,2018-10-31T12:56:24.473000Z
1259,1.1323400000000001,1.13238,1690000.0572,3369999.8856,2018-10-31T12:56:24.795000Z
1260,1.1323400000000001,1.13238,1440000.0572,4309999.9428,2018-10-31T12:56:24.848000Z
1261,1.1323400000000001,1.13238,5320000.1717,1120000.0048,2018-10-31T12:56:25.478000Z
1262,1.13236,1.13238,1190000.0572,1500000.0,2018-10-31T12:56:25.989000Z
1263,1.13235,1.13237,1570000.0525,1690000.0572,2018-10-31T12:56:26.517000Z
1264,1.1323400000000001,1.13235,1250000.0,1000000.0,2018-10-31T12:56:26.625000Z
1265,1.1323200000000002,1.13235,1250000.0,1000000.0,2018-10-31T12:56:26.840000Z
1266,1.13233,1.13235,1870000.0048,1000000.0,2018-10-31T12:56:27.222000Z
1267,1.1323200000000002,1.13236,2920000.0763,1690000.0572,2018-10-31T12:56:27.275000Z
1268,1.1323200000000002,1.13235,1570000.0525,1000000.0,2018-10-31T12:56:27.810000Z
1269,1.1323100000000001,1.13235,1250000.0,1690000.0572,2018-10-31T12:56:28.332000Z
1270,1.1323100000000001,1.13235,4760000.2289,1000000.0,2018-10-31T12:56:28.872000Z
1271,1.13233,1.13235,1000000.0,2440000.0572,2018-10-31T12:56:29.413000Z
1272,1.1323100000000001,1.13235,1669999.9571,1690000.0572,2018-10-31T12:56:29.466000Z
1273,1.13233,1.1323400000000001,1000000.0,1250000.0,2018-10-31T12:56:29.680000Z
1274,1.13233,1.13236,1000000.0,3369999.8856,2018-10-31T12:56:29.733000Z
1275,1.1323200000000002,1.1323400000000001,1690000.0572,1250000.0,2018-10-31T12:56:30.244000Z
1276,1.1323400000000001,1.13237,1250000.0,2250000.0,2018-10-31T12:56:30.779000Z
1277,1.1323100000000001,1.13236,10949999.8093,2059999.9428,2018-10-31T12:56:30.991000Z
1278,1.1323400000000001,1.13236,1000000.0,2059999.9428,2018-10-31T12:56:31.398000Z
1279,1.1323200000000002,1.13236,2619999.8856,1690000.0572,2018-10-31T12:56:31.451000Z
1280,1.1323200000000002,1.13235,1690000.0572,1120000.0048,2018-10-31T12:56:32.009000Z
1281,1.1323100000000001,1.13235,3819999.9332,1120000.0048,2018-10-31T12:56:32.531000Z
1282,1.1323200000000002,1.13235,1000000.0,1120000.0048,2018-10-31T12:56:33.072000Z
1283,1.1323,1.1323400000000001,2700000.0477,1870000.0048,2018-10-31T12:56:33.228000Z
1284,1.13226,1.1323100000000001,3640000.1049,3369999.8856,2018-10-31T12:56:33.477000Z
