,bid,ask,bid_vol,ask_vol,time
0,1.11484,1.1148600000000002,2319999.9332,1500000.0,2019-07-31T12:45:00.247000Z
1,1.11483,1.1148600000000002,3069999.9332,2619999.8856,2019-07-31T12:45:00.382000Z
2,1.11483,1.1148600000000002,4219999.7902,2619999.8856,2019-07-31T12:45:00.696000Z
3,1.1148500000000001,1.1148600000000002,1000000.0,2619999.8856,2019-07-31T12:45:00.807000Z
4,1.1148500000000001,1.11487,1100000.0238,2619999.8856,2019-07-31T12:45:00.993000Z
5,1.1148500000000001,1.1148600000000002,1500000.0,1000000.0,2019-07-31T12:45:01.095000Z
6,1.1148500000000001,1.11487,1000000.0,1000000.0,2019-07-31T12:45:01.463000Z
7,1.11484,1.1148600000000002,3640000.1049,1000000.0,2019-07-31T12:45:04.479000Z
8,1.1148500000000001,1.1148600000000002,1000000.0,1000000.0,2019-07-31T12:45:04.934000Z
9,1.1148500000000001,1.1148799999999999,1000000.0,5440000.0572,2019-07-31T12:45:04.985000Z
10,1.1148500000000001,1.11487,1000000.0,1500000.0,2019-07-31T12:45:05.823000Z
11,1.11484,1.1148600000000002,2440000.0572,1000000.0,2019-07-31T12:45:06.791000Z
12,1.11483,1.1148600000000002,3190000.0572,4500000.0,2019-07-31T12:45:06.945000Z
13,1.1148500000000001,1.1148600000000002,1000000.0,3369999.8856,2019-07-31T12:45:07.262000Z
14,1.11484,1.1148600000000002,1000000.0,4119999.8856,2019-07-31T12:45:07.414000Z
15,1.11484,1.1148600000000002,1500000.0,1000000.0,2019-07-31T12:45:07.942000Z
16,1.1148500000000001,1.1148600000000002,1000000.0,1500000.0,2019-07-31T12:45:08.278000Z
17,1.11483,1.1148500000000001,3490000.0095,1000000.0,2019-07-31T12:45:08.380000Z
18,1.11484,1.1148600000000002,1250000.0,2250000.0,2019-07-31T12:45:08.481000Z
19,1.11484,1.1148500000000001,1000000.0,1000000.0,2019-07-31T12:45:09.025000Z
20,1.11484,1.1148600000000002,3069999.9332,1690000.0572,2019-07-31T12:45:09.727000Z
21,1.11483,1.1148600000000002,1120000.0048,2059999.9428,2019-07-31T12:45:10.083000Z
22,1.11483,1.11484,1000000.0,1000000.0,2019-07-31T12:45:10.134000Z
23,1.11483,1.1148500000000001,1500000.0,1250000.0,2019-07-31T12:45:10.236000Z
24,1.11484,1.1148600000000002,1000000.0,3250000.0,2019-07-31T12:45:10.361000Z
25,1.11483,1.1148600000000002,1500000.0,1750000.0,2019-07-31T12:45:10.462000Z
26,1.11483,1.1148600000000002,2250000.0,1690000.0572,2019-07-31T12:45:12.135000Z
27,1.11484,1.1148600000000002,1000000.0,2440000.0572,2019-07-31T12:45:12.432000Z
28,1.11484,1.11487,1000000.0,1690000.0572,2019-07-31T12:45:12.914000Z
29,1.11484,1.1148600000000002,1500000.0,1100000.0238,2019-07-31T12:45:13.168000Z
30,1.11483,1.1148600000000002,4010000.2289,1100000.0238,2019-07-31T12:45:13.808000Z
31,1.11483,1.11484,1759999.9905,1000000.0,2019-07-31T12:45:13.910000Z
32,1.1148200000000001,1.11484,2619999.8856,1000000.0,2019-07-31T12:45:14.317000Z
33,1.1148200000000001,1.11483,3369999.8856,1250000.0,2019-07-31T12:45:14.419000Z
34,1.1148200000000001,1.11483,2250000.0,1250000.0,2019-07-31T12:45:14.520000Z
35,1.1148200000000001,1.11484,1000000.0,2869999.8856,2019-07-31T12:45:14.622000Z
36,1.11481,1.11484,9189999.5804,2119999.8856,2019-07-31T12:45:14.723000Z
37,1.1148200000000001,1.11484,1000000.0,2119999.8856,2019-07-31T12:45:14.944000Z
38,1.11481,1.11484,5440000.0572,1370000.0048,2019-07-31T12:45:15.097000Z
39,1.1148200000000001,1.11483,2250000.0,1250000.0,2019-07-31T12:45:15.198000Z
40,1.11481,1.11483,5440000.0572,1250000.0,2019-07-31T12:45:15.516000Z
41,1.1148200000000001,1.11483,1000000.0,1250000.0,2019-07-31T12:45:15.618000Z
42,1.11481,1.11483,5510000.2289,1250000.0,2019-07-31T12:45:15.842000Z
43,1.1148200000000001,1.11484,1000000.0,1370000.0048,2019-07-31T12:45:16.714000Z
44,1.11481,1.11484,9260000.2289,1370000.0048,2019-07-31T12:45:17.692000Z
45,1.1148200000000001,1.11484,1000000.0,1370000.0048,2019-07-31T12:45:18.075000Z
46,1.11481,1.11484,9260000.2289,1370000.0048,2019-07-31T12:45:18.197000Z
47,1.1148200000000001,1.11484,1000000.0,2119999.8856,2019-07-31T12:45:18.646000Z
48,1.11481,1.11483,8510000.2289,1250000.0,2019-07-31T12:45:18.748000Z
49,1.11481,1.11484,5320000.1717,1240000.0095,2019-07-31T12:45:19.556000Z
50,1.1148200000000001,1.11484,1000000.0,1240000.0095,2019-07-31T12:45:19.769000Z
51,1.11481,1.11484,1000000.0,3339999.9142,2019-07-31T12:45:20.158000Z
52,1.11481,1.11484,1000000.0,4500000.0,2019-07-31T12:45:20.927000Z
53,1.1148,1.11484,5360000.1335,2250000.0,2019-07-31T12:45:21.157000Z
54,1.11481,1.11483,1000000.0,1000000.0,2019-07-31T12:45:21.612000Z
55,1.1148,1.11484,5360000.1335,2250000.0,2019-07-31T12:45:21.829000Z
56,1.11481,1.11483,1000000.0,1000000.0,2019-07-31T12:45:22.545000Z
57,1.11481,1.11484,1000000.0,6940000.0572,2019-07-31T12:45:24.825000Z
58,1.11481,1.11483,1500000.0,1000000.0,2019-07-31T12:45:24.967000Z
59,1.11481,1.11484,1000000.0,6940000.0572,2019-07-31T12:45:25.163000Z
60,1.11481,1.11483,2250000.0,1000000.0,2019-07-31T12:45:25.560000Z
61,1.11481,1.11484,1500000.0,6940000.0572,2019-07-31T12:45:25.710000Z
62,1.11481,1.11483,2250000.0,1000000.0,2019-07-31T12:45:26.830000Z
63,1.11481,1.11484,3000000.0,2440000.0572,2019-07-31T12:45:27.308000Z
64,1.11481,1.11483,2619999.8856,1000000.0,2019-07-31T12:45:30.213000Z
65,1.11481,1.11484,1120000.0048,3259999.9905,2019-07-31T12:45:30.432000Z
66,1.1148200000000001,1.11484,1000000.0,3039999.9619,2019-07-31T12:45:31.602000Z
67,1.1148200000000001,1.11483,1000000.0,1000000.0,2019-07-31T12:45:33.269000Z
68,1.1148200000000001,1.11484,1000000.0,5289999.9619,2019-07-31T12:45:33.851000Z
69,1.1148200000000001,1.11483,1000000.0,1000000.0,2019-07-31T12:45:34.219000Z
70,1.1148200000000001,1.11484,1000000.0,3789999.9619,2019-07-31T12:45:34.321000Z
71,1.1148200000000001,1.11483,1000000.0,1000000.0,2019-07-31T12:45:34.669000Z
72,1.11481,1.11484,2470000.0286,5289999.9619,2019-07-31T12:45:35.152000Z
73,1.1148200000000001,1.11484,1500000.0,4309999.9428,2019-07-31T12:45:35.472000Z
74,1.11481,1.11484,4719999.7902,4309999.9428,2019-07-31T12:45:35.573000Z
75,1.1148200000000001,1.11484,1000000.0,5059999.9428,2019-07-31T12:45:35.675000Z
76,1.11481,1.11484,3970000.0286,4309999.9428,2019-07-31T12:45:35.776000Z
77,1.1148200000000001,1.11483,1000000.0,1000000.0,2019-07-31T12:45:36.677000Z
78,1.11481,1.11484,4050000.1907,4309999.9428,2019-07-31T12:45:36.789000Z
79,1.1148200000000001,1.11483,1000000.0,1000000.0,2019-07-31T12:45:38.144000Z
80,1.11481,1.11484,3970000.0286,3559999.9428,2019-07-31T12:45:38.245000Z
81,1.1148200000000001,1.11484,1500000.0,4309999.9428,2019-07-31T12:45:38.349000Z
82,1.11481,1.11484,2920000.0763,3559999.9428,2019-07-31T12:45:38.513000Z
83,1.1148200000000001,1.11484,1000000.0,4309999.9428,2019-07-31T12:45:38.725000Z
84,1.11481,1.11484,3069999.9332,5510000.2289,2019-07-31T12:45:38.827000Z
85,1.11481,1.11483,3000000.0,1000000.0,2019-07-31T12:45:39.228000Z
86,1.11481,1.11484,3000000.0,8060000.4196,2019-07-31T12:45:39.330000Z
87,1.11481,1.11483,1500000.0,1500000.0,2019-07-31T12:45:40.125000Z
88,1.11481,1.11483,2250000.0,1000000.0,2019-07-31T12:45:40.429000Z
89,1.11481,1.11483,1000000.0,1500000.0,2019-07-31T12:45:40.886000Z
90,1.1148,1.11483,4989999.7711,3069999.9332,2019-07-31T12:45:42.126000Z
91,1.11479,1.11481,2250000.0,1500000.0,2019-07-31T12:45:42.229000Z
92,1.11479,1.1148200000000001,3849999.9046,2250000.0,2019-07-31T12:45:42.331000Z
93,1.11481,1.1148200000000001,1000000.0,2250000.0,2019-07-31T12:45:42.921000Z
94,1.1148,1.1148200000000001,2809999.9428,2250000.0,2019-07-31T12:45:43.023000Z
95,1.1148,1.11481,1309999.9428,1000000.0,2019-07-31T12:45:43.125000Z
96,1.1148,1.1148200000000001,1309999.9428,2250000.0,2019-07-31T12:45:43.226000Z
97,1.11481,1.11483,1000000.0,1000000.0,2019-07-31T12:45:43.328000Z
98,1.11483,1.1148500000000001,1000000.0,4989999.7711,2019-07-31T12:45:43.379000Z
99,1.11484,1.11487,1870000.0048,4599999.9046,2019-07-31T12:45:43.481000Z
100,1.11484,1.11487,6190000.0572,2250000.0,2019-07-31T12:45:43.593000Z
101,1.11487,1.1148799999999999,1000000.0,2619999.8856,2019-07-31T12:45:44.463000Z
102,1.1148799999999999,1.1149,2349999.9046,4199999.8093,2019-07-31T12:45:44.565000Z
103,1.1148799999999999,1.1149,1350000.0238,2250000.0,2019-07-31T12:45:45.108000Z
104,1.11489,1.11491,1500000.0,7159999.8474,2019-07-31T12:45:45.210000Z
105,1.1148799999999999,1.1149,2849999.9046,1000000.0,2019-07-31T12:45:47.774000Z
106,1.11489,1.1149,1000000.0,1000000.0,2019-07-31T12:45:47.875000Z
107,1.1148799999999999,1.1149,2849999.9046,1000000.0,2019-07-31T12:45:48.096000Z
108,1.11489,1.1149,1000000.0,1000000.0,2019-07-31T12:45:48.414000Z
109,1.1148799999999999,1.1149,2849999.9046,1000000.0,2019-07-31T12:45:48.574000Z
110,1.11489,1.1149,1000000.0,1500000.0,2019-07-31T12:45:49.022000Z
111,1.1148799999999999,1.1149,1500000.0,1000000.0,2019-07-31T12:45:49.257000Z
112,1.1148799999999999,1.11491,2250000.0,5059999.9428,2019-07-31T12:45:50.373000Z
113,1.11489,1.11491,1000000.0,1570000.0525,2019-07-31T12:45:50.476000Z
114,1.11489,1.1149200000000001,1250000.0,2619999.8856,2019-07-31T12:45:50.577000Z
115,1.1149,1.1149200000000001,1000000.0,3369999.8856,2019-07-31T12:45:52.084000Z
116,1.11489,1.1149200000000001,2440000.0572,2619999.8856,2019-07-31T12:45:52.261000Z
117,1.11489,1.11491,2440000.0572,1000000.0,2019-07-31T12:45:53.119000Z
118,1.11489,1.1149200000000001,2509999.9905,3069999.9332,2019-07-31T12:45:55.076000Z
119,1.11489,1.11491,3259999.9905,1000000.0,2019-07-31T12:45:55.181000Z
120,1.11489,1.1149200000000001,2440000.0572,2619999.8856,2019-07-31T12:45:55.567000Z
121,1.11489,1.11491,2440000.0572,1000000.0,2019-07-31T12:45:57.871000Z
122,1.1149,1.11491,1000000.0,1000000.0,2019-07-31T12:45:57.973000Z
123,1.11489,1.1149200000000001,2440000.0572,2619999.8856,2019-07-31T12:45:58.883000Z
124,1.11487,1.1149,4219999.7902,1250000.0,2019-07-31T12:45:59.001000Z
125,1.1148799999999999,1.11491,1870000.0048,7889999.8665,2019-07-31T12:45:59.103000Z
126,1.1148799999999999,1.11491,4500000.0,6190000.0572,2019-07-31T12:45:59.205000Z
127,1.1148799999999999,1.1149,1000000.0,1100000.0238,2019-07-31T12:45:59.358000Z
128,1.1148799999999999,1.11491,1000000.0,5610000.1335,2019-07-31T12:45:59.510000Z
129,1.1148799999999999,1.11491,2500000.0,2700000.0477,2019-07-31T12:46:00.727000Z
130,1.11489,1.1149,1000000.0,1250000.0,2019-07-31T12:46:00.829000Z
131,1.1148799999999999,1.11491,3640000.1049,4469999.7902,2019-07-31T12:46:00.931000Z
132,1.11489,1.1149,1200000.0477,1690000.0572,2019-07-31T12:46:01.034000Z
133,1.1148799999999999,1.1149,6639999.8665,1250000.0,2019-07-31T12:46:01.135000Z
134,1.11489,1.1149,1000000.0,1009999.9905,2019-07-31T12:46:01.389000Z
135,1.1148799999999999,1.1149,6639999.8665,1009999.9905,2019-07-31T12:46:01.492000Z
136,1.1148799999999999,1.1149,6039999.9619,1250000.0,2019-07-31T12:46:01.697000Z
137,1.1148799999999999,1.1149,5889999.8665,1009999.9905,2019-07-31T12:46:01.902000Z
138,1.11491,1.1149200000000001,1120000.0048,4079999.9237,2019-07-31T12:46:02.004000Z
139,1.1149200000000001,1.11493,2099999.9046,3819999.9332,2019-07-31T12:46:02.106000Z
140,1.1149200000000001,1.11495,2740000.0095,2259999.9905,2019-07-31T12:46:02.208000Z
141,1.1149200000000001,1.11495,1049999.9523,2450000.0477,2019-07-31T12:46:02.366000Z
142,1.11491,1.11495,5510000.2289,2539999.9619,2019-07-31T12:46:04.244000Z
143,1.1149200000000001,1.11495,1000000.0,7789999.9619,2019-07-31T12:46:04.396000Z
144,1.11491,1.11495,4789999.9619,2440000.0572,2019-07-31T12:46:05.561000Z
145,1.1149200000000001,1.11494,2319999.9332,1000000.0,2019-07-31T12:46:05.797000Z
146,1.1149200000000001,1.11495,1000000.0,5440000.0572,2019-07-31T12:46:05.898000Z
147,1.1149200000000001,1.11495,1100000.0238,4789999.9619,2019-07-31T12:46:06Z
148,1.1149200000000001,1.11495,1000000.0,4690000.0572,2019-07-31T12:46:06.152000Z
149,1.1149200000000001,1.11495,7349999.9046,3039999.9619,2019-07-31T12:46:06.254000Z
150,1.1149200000000001,1.11495,6300000.1907,2759999.9905,2019-07-31T12:46:06.356000Z
151,1.1149200000000001,1.11495,2200000.0477,1409999.9666,2019-07-31T12:46:06.458000Z
152,1.1149200000000001,1.11495,1450000.0477,2059999.9428,2019-07-31T12:46:06.576000Z
153,1.1149200000000001,1.1149600000000002,3700000.0477,10899999.6185,2019-07-31T12:46:06.780000Z
154,1.1149200000000001,1.11495,1950000.0477,1409999.9666,2019-07-31T12:46:06.882000Z
155,1.1149200000000001,1.11495,1100000.0238,5010000.2289,2019-07-31T12:46:06.984000Z
156,1.11491,1.11495,7239999.7711,5389999.8665,2019-07-31T12:46:07.085000Z
157,1.1149200000000001,1.11494,1570000.0525,1570000.0525,2019-07-31T12:46:07.187000Z
158,1.11491,1.11494,6860000.1335,1100000.0238,2019-07-31T12:46:07.288000Z
159,1.1149200000000001,1.11494,1570000.0525,1570000.0525,2019-07-31T12:46:07.390000Z
160,1.11491,1.11495,7760000.2289,5010000.2289,2019-07-31T12:46:07.785000Z
161,1.1149200000000001,1.11495,1100000.0238,7039999.9619,2019-07-31T12:46:07.887000Z
162,1.1149200000000001,1.11494,3220000.0286,1000000.0,2019-07-31T12:46:07.989000Z
163,1.11491,1.11495,6489999.7711,2009999.9905,2019-07-31T12:46:08.091000Z
164,1.11491,1.11495,6510000.2289,4260000.2289,2019-07-31T12:46:08.192000Z
165,1.11491,1.11495,6489999.7711,2009999.9905,2019-07-31T12:46:08.891000Z
166,1.1149200000000001,1.11494,1500000.0,1570000.0525,2019-07-31T12:46:09.043000Z
167,1.11491,1.11495,5289999.9619,3289999.9619,2019-07-31T12:46:09.145000Z
168,1.11491,1.11495,4389999.8665,2910000.0858,2019-07-31T12:46:09.196000Z
169,1.11491,1.11495,5159999.8474,5159999.8474,2019-07-31T12:46:09.298000Z
170,1.11491,1.11495,4389999.8665,2910000.0858,2019-07-31T12:46:09.450000Z
171,1.11491,1.11495,4409999.8474,2910000.0858,2019-07-31T12:46:09.552000Z
172,1.11491,1.11494,4389999.8665,1100000.0238,2019-07-31T12:46:09.654000Z
173,1.11491,1.11495,5139999.8665,6139999.8665,2019-07-31T12:46:09.960000Z
174,1.1149200000000001,1.11495,2099999.9046,5389999.8665,2019-07-31T12:46:10.113000Z
175,1.1149200000000001,1.11494,1570000.0525,1100000.0238,2019-07-31T12:46:10.214000Z
176,1.1149200000000001,1.11495,1100000.0238,5389999.8665,2019-07-31T12:46:10.316000Z
177,1.1149200000000001,1.11495,1950000.0477,5389999.8665,2019-07-31T12:46:10.519000Z
178,1.11491,1.11495,6260000.2289,4639999.8665,2019-07-31T12:46:10.925000Z
179,1.11491,1.11495,4989999.7711,3890000.1049,2019-07-31T12:46:11.027000Z
180,1.11491,1.11495,4409999.8474,2539999.9619,2019-07-31T12:46:11.129000Z
181,1.1149200000000001,1.11493,1000000.0,2099999.9046,2019-07-31T12:46:11.752000Z
182,1.1149,1.11491,3559999.9428,1500000.0,2019-07-31T12:46:11.906000Z
183,1.11491,1.1149200000000001,1000000.0,2250000.0,2019-07-31T12:46:12.010000Z
184,1.1149,1.11491,1000000.0,1100000.0238,2019-07-31T12:46:12.271000Z
185,1.11491,1.1149200000000001,1000000.0,1870000.0048,2019-07-31T12:46:12.372000Z
186,1.1149,1.11491,4690000.0572,1000000.0,2019-07-31T12:46:14.909000Z
187,1.1149,1.1149200000000001,1120000.0048,1120000.0048,2019-07-31T12:46:17.145000Z
188,1.1149,1.1149200000000001,1500000.0,1220000.0286,2019-07-31T12:46:18.413000Z
189,1.1149,1.11493,1000000.0,4139999.8665,2019-07-31T12:46:18.515000Z
190,1.1149,1.11493,1000000.0,3490000.0095,2019-07-31T12:46:18.667000Z
191,1.1149,1.11493,1000000.0,4139999.8665,2019-07-31T12:46:18.769000Z
192,1.1149,1.11493,1250000.0,3220000.0286,2019-07-31T12:46:18.972000Z
193,1.1149,1.1149200000000001,2440000.0572,1120000.0048,2019-07-31T12:46:19.073000Z
194,1.1149,1.1149200000000001,1009999.9905,1220000.0286,2019-07-31T12:46:19.175000Z
195,1.1149,1.1149200000000001,1250000.0,1120000.0048,2019-07-31T12:46:19.277000Z
196,1.1149,1.1149200000000001,1690000.0572,1220000.0286,2019-07-31T12:46:19.378000Z
197,1.1149,1.1149200000000001,3940000.0572,1870000.0048,2019-07-31T12:46:19.530000Z
198,1.1149,1.1149200000000001,2190000.0572,1870000.0048,2019-07-31T12:46:19.685000Z
199,1.1149,1.11493,3690000.0572,4800000.1907,2019-07-31T12:46:19.787000Z
200,1.1149,1.1149200000000001,3190000.0572,1600000.0238,2019-07-31T12:46:19.889000Z
201,1.1149,1.11493,4309999.9428,3569999.9332,2019-07-31T12:46:19.991000Z
202,1.11491,1.1149200000000001,1500000.0,1120000.0048,2019-07-31T12:46:20.093000Z
203,1.11491,1.11493,1000000.0,1500000.0,2019-07-31T12:46:20.499000Z
204,1.1149,1.11493,4309999.9428,1000000.0,2019-07-31T12:46:20.605000Z
205,1.11491,1.11493,2250000.0,1500000.0,2019-07-31T12:46:20.960000Z
206,1.1149,1.11494,5059999.9428,3589999.9142,2019-07-31T12:46:21.062000Z
207,1.11491,1.11493,1000000.0,1000000.0,2019-07-31T12:46:21.163000Z
208,1.1149,1.11494,5059999.9428,4610000.1335,2019-07-31T12:46:21.265000Z
209,1.1149,1.11493,4309999.9428,1200000.0477,2019-07-31T12:46:21.367000Z
210,1.11491,1.11493,1000000.0,1120000.0048,2019-07-31T12:46:21.469000Z
211,1.1149,1.11493,4309999.9428,1120000.0048,2019-07-31T12:46:21.570000Z
212,1.11491,1.11493,1500000.0,1120000.0048,2019-07-31T12:46:21.906000Z
213,1.11491,1.11494,1000000.0,5960000.0381,2019-07-31T12:46:22.008000Z
214,1.1149,1.11493,10310000.4196,1220000.0286,2019-07-31T12:46:22.110000Z
215,1.1149200000000001,1.11493,1000000.0,1120000.0048,2019-07-31T12:46:22.161000Z
216,1.11491,1.11494,1000000.0,6239999.7711,2019-07-31T12:46:22.262000Z
217,1.11491,1.11494,1000000.0,3710000.0381,2019-07-31T12:46:22.415000Z
218,1.11491,1.11494,1000000.0,3710000.0381,2019-07-31T12:46:22.516000Z
219,1.11491,1.11493,1500000.0,1220000.0286,2019-07-31T12:46:22.618000Z
220,1.11491,1.11493,1000000.0,1500000.0,2019-07-31T12:46:22.764000Z
221,1.11491,1.11493,1000000.0,1820000.0525,2019-07-31T12:46:22.866000Z
222,1.1149,1.11493,3559999.9428,1720000.0286,2019-07-31T12:46:22.967000Z
223,1.11491,1.11493,1000000.0,1149999.9762,2019-07-31T12:46:23.019000Z
224,1.1149,1.11493,4239999.7711,1399999.9762,2019-07-31T12:46:23.121000Z
225,1.11491,1.11493,1000000.0,1720000.0286,2019-07-31T12:46:23.273000Z
226,1.1149,1.11493,4309999.9428,1720000.0286,2019-07-31T12:46:23.375000Z
227,1.11491,1.11493,1000000.0,2470000.0286,2019-07-31T12:46:23.476000Z
228,1.1149,1.11494,4309999.9428,4840000.1526,2019-07-31T12:46:23.578000Z
229,1.1149,1.11493,4309999.9428,1120000.0048,2019-07-31T12:46:23.679000Z
230,1.1149,1.11494,4440000.0572,4090000.1526,2019-07-31T12:46:23.785000Z
231,1.1149,1.11494,7690000.0572,4460000.0381,2019-07-31T12:46:23.888000Z
232,1.11491,1.11493,1000000.0,1419999.9571,2019-07-31T12:46:24.041000Z
233,1.1149,1.11494,8810000.4196,8189999.5804,2019-07-31T12:46:24.142000Z
234,1.11491,1.11493,1000000.0,1419999.9571,2019-07-31T12:46:24.244000Z
235,1.1149,1.11494,5059999.9428,5289999.9619,2019-07-31T12:46:24.346000Z
236,1.1149,1.11494,4309999.9428,5289999.9619,2019-07-31T12:46:24.447000Z
237,1.1149,1.11494,4309999.9428,5659999.8474,2019-07-31T12:46:24.549000Z
238,1.1149,1.11494,4309999.9428,5659999.8474,2019-07-31T12:46:24.651000Z
239,1.1149,1.11494,5059999.9428,5659999.8474,2019-07-31T12:46:24.803000Z
240,1.1149,1.11494,5809999.9428,5940000.0572,2019-07-31T12:46:24.999000Z
241,1.1149,1.11493,5059999.9428,1450000.0477,2019-07-31T12:46:25.152000Z
242,1.1149,1.11493,4690000.0572,1350000.0238,2019-07-31T12:46:25.305000Z
243,1.11491,1.11493,1000000.0,1200000.0477,2019-07-31T12:46:25.406000Z
244,1.1149,1.11493,5139999.8665,2049999.9523,2019-07-31T12:46:25.508000Z
245,1.11491,1.11493,1000000.0,2700000.0477,2019-07-31T12:46:25.559000Z
246,1.11491,1.11493,1000000.0,1450000.0477,2019-07-31T12:46:25.711000Z
247,1.11491,1.11493,1500000.0,2099999.9046,2019-07-31T12:46:25.858000Z
248,1.11491,1.11493,1500000.0,1450000.0477,2019-07-31T12:46:26.011000Z
249,1.11491,1.11493,1500000.0,2099999.9046,2019-07-31T12:46:26.113000Z
250,1.1149,1.11493,10159999.8474,1450000.0477,2019-07-31T12:46:26.164000Z
251,1.11491,1.11493,2250000.0,2200000.0477,2019-07-31T12:46:26.266000Z
252,1.1149,1.11493,5059999.9428,1100000.0238,2019-07-31T12:46:26.418000Z
253,1.11491,1.11493,1000000.0,1100000.0238,2019-07-31T12:46:26.520000Z
254,1.11491,1.11493,1000000.0,1500000.0,2019-07-31T12:46:26.672000Z
255,1.11491,1.11493,1500000.0,1600000.0238,2019-07-31T12:46:26.822000Z
256,1.1149,1.11493,4309999.9428,1100000.0238,2019-07-31T12:46:26.924000Z
257,1.11491,1.1149200000000001,1000000.0,1000000.0,2019-07-31T12:46:27.026000Z
258,1.11491,1.11493,1000000.0,1000000.0,2019-07-31T12:46:27.659000Z
259,1.11491,1.11493,1500000.0,2049999.9523,2019-07-31T12:46:27.915000Z
260,1.11491,1.11493,1500000.0,1049999.9523,2019-07-31T12:46:28.018000Z
261,1.11491,1.11493,1500000.0,1000000.0,2019-07-31T12:46:28.223000Z
262,1.11491,1.11493,1000000.0,1000000.0,2019-07-31T12:46:28.325000Z
263,1.11491,1.11494,1000000.0,5090000.1526,2019-07-31T12:46:28.528000Z
264,1.11491,1.11493,1000000.0,1500000.0,2019-07-31T12:46:28.680000Z
265,1.11491,1.1149200000000001,1500000.0,1000000.0,2019-07-31T12:46:28.790000Z
266,1.11491,1.11493,1500000.0,1500000.0,2019-07-31T12:46:28.893000Z
267,1.1149,1.11493,6940000.0572,1600000.0238,2019-07-31T12:46:29.045000Z
268,1.1149,1.11493,5440000.0572,1100000.0238,2019-07-31T12:46:29.147000Z
269,1.1149,1.11493,3190000.0572,1000000.0,2019-07-31T12:46:29.249000Z
270,1.11491,1.11493,1000000.0,1950000.0477,2019-07-31T12:46:29.403000Z
271,1.11491,1.11494,1000000.0,5090000.1526,2019-07-31T12:46:29.506000Z
272,1.11491,1.11493,1000000.0,1500000.0,2019-07-31T12:46:29.609000Z
273,1.1149,1.11493,3190000.0572,1000000.0,2019-07-31T12:46:29.712000Z
274,1.11491,1.1149200000000001,1000000.0,1000000.0,2019-07-31T12:46:29.815000Z
275,1.1149,1.11493,3190000.0572,1000000.0,2019-07-31T12:46:29.933000Z
276,1.1149,1.11494,3190000.0572,5460000.0381,2019-07-31T12:46:30.086000Z
277,1.1149,1.11493,3940000.0572,1000000.0,2019-07-31T12:46:30.238000Z
278,1.1149,1.11494,3190000.0572,3960000.0381,2019-07-31T12:46:30.390000Z
279,1.1149,1.11493,3190000.0572,1000000.0,2019-07-31T12:46:30.492000Z
280,1.1149,1.11494,3559999.9428,4340000.1526,2019-07-31T12:46:30.695000Z
281,1.11491,1.11493,1500000.0,1100000.0238,2019-07-31T12:46:30.796000Z
282,1.11491,1.11493,1000000.0,1000000.0,2019-07-31T12:46:30.898000Z
283,1.1149,1.11494,4309999.9428,4710000.0381,2019-07-31T12:46:31.151000Z
284,1.11491,1.11494,2250000.0,3589999.9142,2019-07-31T12:46:31.252000Z
285,1.11491,1.11493,1500000.0,1200000.0477,2019-07-31T12:46:31.506000Z
286,1.11491,1.11493,2250000.0,1000000.0,2019-07-31T12:46:31.658000Z
287,1.11491,1.11493,1500000.0,1000000.0,2019-07-31T12:46:31.760000Z
288,1.11491,1.11494,2250000.0,3190000.0572,2019-07-31T12:46:31.861000Z
289,1.11491,1.11494,2250000.0,3960000.0381,2019-07-31T12:46:32.010000Z
290,1.11491,1.11494,2250000.0,3490000.0095,2019-07-31T12:46:32.112000Z
291,1.11491,1.11494,3000000.0,3960000.0381,2019-07-31T12:46:32.213000Z
292,1.11491,1.11494,3000000.0,4239999.7711,2019-07-31T12:46:32.366000Z
293,1.11491,1.11494,3000000.0,2839999.9142,2019-07-31T12:46:32.467000Z
294,1.1149200000000001,1.11493,1500000.0,2849999.9046,2019-07-31T12:46:32.569000Z
295,1.11491,1.11494,3000000.0,2460000.0381,2019-07-31T12:46:32.671000Z
296,1.11491,1.11494,2250000.0,4989999.7711,2019-07-31T12:46:32.773000Z
297,1.11491,1.11494,1500000.0,4340000.1526,2019-07-31T12:46:32.874000Z
298,1.11491,1.11494,1500000.0,4340000.1526,2019-07-31T12:46:32.977000Z
299,1.11491,1.11493,2250000.0,1100000.0238,2019-07-31T12:46:33.078000Z
300,1.11491,1.11494,1500000.0,4989999.7711,2019-07-31T12:46:33.383000Z
301,1.11491,1.11493,2250000.0,1100000.0238,2019-07-31T12:46:33.484000Z
302,1.11491,1.11494,1500000.0,3859999.8951,2019-07-31T12:46:33.637000Z
303,1.11491,1.11493,1500000.0,1149999.9762,2019-07-31T12:46:33.738000Z
304,1.11491,1.11493,2250000.0,1500000.0,2019-07-31T12:46:33.841000Z
305,1.11491,1.11494,1000000.0,4840000.1526,2019-07-31T12:46:34.195000Z
306,1.11491,1.11493,1000000.0,1200000.0477,2019-07-31T12:46:34.348000Z
307,1.11491,1.11494,1000000.0,4710000.0381,2019-07-31T12:46:34.606000Z
308,1.11491,1.11493,1000000.0,1000000.0,2019-07-31T12:46:34.759000Z
309,1.11491,1.11494,1000000.0,3960000.0381,2019-07-31T12:46:34.860000Z
310,1.11491,1.11493,1000000.0,1200000.0477,2019-07-31T12:46:34.962000Z
311,1.11491,1.11494,1000000.0,3960000.0381,2019-07-31T12:46:35.318000Z
312,1.11491,1.11493,1000000.0,1000000.0,2019-07-31T12:46:35.522000Z
313,1.11491,1.11493,1500000.0,1000000.0,2019-07-31T12:46:35.726000Z
314,1.11491,1.11493,1000000.0,1000000.0,2019-07-31T12:46:35.827000Z
315,1.11491,1.11493,1500000.0,1000000.0,2019-07-31T12:46:35.968000Z
316,1.11491,1.11493,1000000.0,1000000.0,2019-07-31T12:46:36.069000Z
317,1.11491,1.11494,1000000.0,5989999.7711,2019-07-31T12:46:36.171000Z
318,1.11491,1.11493,1000000.0,1000000.0,2019-07-31T12:46:36.273000Z
319,1.11491,1.11494,1000000.0,5090000.1526,2019-07-31T12:46:36.426000Z
320,1.11491,1.11493,1000000.0,1000000.0,2019-07-31T12:46:36.528000Z
321,1.11491,1.11494,1500000.0,3190000.0572,2019-07-31T12:46:36.681000Z
322,1.11491,1.11493,1000000.0,1000000.0,2019-07-31T12:46:36.784000Z
323,1.11491,1.11493,1500000.0,1100000.0238,2019-07-31T12:46:36.937000Z
324,1.11491,1.11493,1500000.0,1500000.0,2019-07-31T12:46:37.068000Z
325,1.11491,1.11494,1000000.0,3210000.0381,2019-07-31T12:46:37.170000Z
326,1.11491,1.11493,1500000.0,1500000.0,2019-07-31T12:46:37.221000Z
327,1.11491,1.11493,1500000.0,1000000.0,2019-07-31T12:46:37.474000Z
328,1.11491,1.11493,1000000.0,1000000.0,2019-07-31T12:46:37.626000Z
329,1.11491,1.11494,1000000.0,2839999.9142,2019-07-31T12:46:37.879000Z
330,1.11491,1.11493,1000000.0,1000000.0,2019-07-31T12:46:38.031000Z
331,1.11491,1.1149200000000001,1500000.0,1000000.0,2019-07-31T12:46:38.133000Z
332,1.11491,1.11493,1620000.0048,1000000.0,2019-07-31T12:46:39.533000Z
333,1.11491,1.11494,1120000.0048,3890000.1049,2019-07-31T12:46:39.634000Z
334,1.11491,1.11494,1120000.0048,2839999.9142,2019-07-31T12:46:39.839000Z
335,1.11491,1.11493,2619999.8856,1000000.0,2019-07-31T12:46:40.042000Z
336,1.11491,1.11493,1870000.0048,1000000.0,2019-07-31T12:46:40.143000Z
337,1.11491,1.11493,1120000.0048,1000000.0,2019-07-31T12:46:40.245000Z
338,1.11491,1.11494,1120000.0048,2839999.9142,2019-07-31T12:46:40.397000Z
339,1.11491,1.11493,1120000.0048,1000000.0,2019-07-31T12:46:40.549000Z
340,1.11491,1.11493,2619999.8856,1000000.0,2019-07-31T12:46:40.651000Z
341,1.11491,1.11493,1120000.0048,1000000.0,2019-07-31T12:46:40.813000Z
342,1.11491,1.11494,1120000.0048,2839999.9142,2019-07-31T12:46:40.915000Z
343,1.11491,1.11493,1120000.0048,1000000.0,2019-07-31T12:46:41.371000Z
344,1.11491,1.11494,1120000.0048,3509999.9905,2019-07-31T12:46:41.473000Z
345,1.11491,1.11493,1120000.0048,1000000.0,2019-07-31T12:46:41.667000Z
346,1.11491,1.11494,1120000.0048,2759999.9905,2019-07-31T12:46:41.820000Z
347,1.11491,1.11493,1120000.0048,1000000.0,2019-07-31T12:46:41.921000Z
348,1.11491,1.11494,1870000.0048,5840000.1526,2019-07-31T12:46:42.225000Z
349,1.11491,1.11493,1870000.0048,1000000.0,2019-07-31T12:46:42.377000Z
350,1.11491,1.11494,1870000.0048,5840000.1526,2019-07-31T12:46:42.479000Z
351,1.11491,1.11493,2619999.8856,1500000.0,2019-07-31T12:46:42.580000Z
352,1.11491,1.11493,1000000.0,2200000.0477,2019-07-31T12:46:42.885000Z
353,1.11491,1.11493,1000000.0,2099999.9046,2019-07-31T12:46:42.986000Z
354,1.11491,1.11494,1500000.0,3960000.0381,2019-07-31T12:46:43.445000Z
355,1.11491,1.11493,3000000.0,1100000.0238,2019-07-31T12:46:43.598000Z
356,1.11491,1.11494,2250000.0,3960000.0381,2019-07-31T12:46:43.699000Z
357,1.11491,1.11494,1500000.0,3960000.0381,2019-07-31T12:46:43.800000Z
358,1.11491,1.11494,1500000.0,4610000.1335,2019-07-31T12:46:43.995000Z
359,1.11491,1.11494,1500000.0,3960000.0381,2019-07-31T12:46:44.046000Z
360,1.11491,1.11494,1000000.0,3039999.9619,2019-07-31T12:46:44.097000Z
361,1.11491,1.11493,3000000.0,1200000.0477,2019-07-31T12:46:44.199000Z
362,1.1149,1.11494,4389999.8665,4360000.1335,2019-07-31T12:46:44.302000Z
363,1.11491,1.11493,1000000.0,1100000.0238,2019-07-31T12:46:44.504000Z
364,1.1149,1.11493,6940000.0572,1000000.0,2019-07-31T12:46:44.607000Z
365,1.1149,1.11494,4010000.2289,5610000.1335,2019-07-31T12:46:44.708000Z
366,1.1149,1.11493,4389999.8665,1100000.0238,2019-07-31T12:46:44.885000Z
367,1.1149,1.11494,3940000.0572,6960000.0381,2019-07-31T12:46:44.987000Z
368,1.1149,1.11493,6940000.0572,1000000.0,2019-07-31T12:46:45.089000Z
369,1.11491,1.1149200000000001,1500000.0,1000000.0,2019-07-31T12:46:45.190000Z
370,1.1149,1.11494,3940000.0572,5840000.1526,2019-07-31T12:46:45.292000Z
371,1.11491,1.11493,1000000.0,2049999.9523,2019-07-31T12:46:45.394000Z
372,1.1149,1.11493,5440000.0572,1000000.0,2019-07-31T12:46:45.534000Z
373,1.1149,1.11494,4690000.0572,5090000.1526,2019-07-31T12:46:45.636000Z
374,1.1149,1.11493,6190000.0572,1000000.0,2019-07-31T12:46:45.737000Z
375,1.11491,1.11493,1000000.0,1000000.0,2019-07-31T12:46:45.890000Z
376,1.11491,1.11493,1500000.0,1000000.0,2019-07-31T12:46:46.093000Z
377,1.11491,1.11493,1000000.0,1000000.0,2019-07-31T12:46:46.195000Z
378,1.1149,1.11493,3190000.0572,1000000.0,2019-07-31T12:46:46.297000Z
379,1.11491,1.11493,1000000.0,1500000.0,2019-07-31T12:46:46.398000Z
380,1.1149,1.11493,3190000.0572,1000000.0,2019-07-31T12:46:46.508000Z
381,1.1149,1.11494,5139999.8665,5110000.1335,2019-07-31T12:46:46.610000Z
382,1.1149,1.11493,6639999.8665,1100000.0238,2019-07-31T12:46:46.712000Z
383,1.11491,1.1149200000000001,1500000.0,1000000.0,2019-07-31T12:46:46.814000Z
384,1.11491,1.11493,1000000.0,1000000.0,2019-07-31T12:46:46.916000Z
385,1.11491,1.11493,1500000.0,1000000.0,2019-07-31T12:46:47.070000Z
386,1.11491,1.11493,1000000.0,1000000.0,2019-07-31T12:46:47.172000Z
387,1.11491,1.11493,1500000.0,1000000.0,2019-07-31T12:46:47.273000Z
388,1.11491,1.11493,1000000.0,1000000.0,2019-07-31T12:46:47.375000Z
389,1.11491,1.11494,1000000.0,5840000.1526,2019-07-31T12:46:47.477000Z
390,1.11491,1.11493,1000000.0,1000000.0,2019-07-31T12:46:47.578000Z
391,1.11491,1.11493,3000000.0,1000000.0,2019-07-31T12:46:47.850000Z
392,1.11491,1.11493,1000000.0,1000000.0,2019-07-31T12:46:48.002000Z
393,1.11491,1.11494,2250000.0,6889999.8665,2019-07-31T12:46:48.156000Z
394,1.11491,1.11494,2250000.0,6889999.8665,2019-07-31T12:46:48.412000Z
395,1.11491,1.11494,1500000.0,5360000.1335,2019-07-31T12:46:48.514000Z
396,1.11491,1.11494,1500000.0,4710000.0381,2019-07-31T12:46:48.615000Z
397,1.11491,1.11494,1500000.0,5360000.1335,2019-07-31T12:46:48.716000Z
398,1.11491,1.11494,1500000.0,4639999.8665,2019-07-31T12:46:48.767000Z
399,1.11491,1.11493,2250000.0,1000000.0,2019-07-31T12:46:49.021000Z
400,1.11491,1.11494,2250000.0,5110000.1335,2019-07-31T12:46:49.184000Z
401,1.11491,1.11494,1500000.0,5289999.9619,2019-07-31T12:46:49.286000Z
402,1.11491,1.11493,3000000.0,1000000.0,2019-07-31T12:46:49.387000Z
403,1.11491,1.11494,1500000.0,5289999.9619,2019-07-31T12:46:49.489000Z
404,1.11491,1.11494,1500000.0,5110000.1335,2019-07-31T12:46:49.540000Z
405,1.11491,1.11494,1500000.0,5289999.9619,2019-07-31T12:46:49.641000Z
406,1.11491,1.11494,1500000.0,4639999.8665,2019-07-31T12:46:49.845000Z
407,1.11491,1.11494,1500000.0,3789999.9619,2019-07-31T12:46:49.948000Z
408,1.11491,1.11494,1500000.0,3140000.1049,2019-07-31T12:46:50.050000Z
409,1.11491,1.11494,1500000.0,3789999.9619,2019-07-31T12:46:50.153000Z
410,1.11491,1.11493,3000000.0,1000000.0,2019-07-31T12:46:50.256000Z
411,1.11491,1.11493,5099999.9046,1000000.0,2019-07-31T12:46:50.406000Z
412,1.11491,1.11494,2440000.0572,5099999.9046,2019-07-31T12:46:50.458000Z
413,1.11491,1.11494,1000000.0,4639999.8665,2019-07-31T12:46:50.510000Z
414,1.11491,1.11494,1000000.0,5360000.1335,2019-07-31T12:46:50.562000Z
415,1.11491,1.11494,1000000.0,5210000.0381,2019-07-31T12:46:50.665000Z
416,1.1149,1.11494,4690000.0572,5210000.0381,2019-07-31T12:46:50.717000Z
417,1.1149,1.11494,3940000.0572,5210000.0381,2019-07-31T12:46:50.870000Z
418,1.1149,1.11494,5889999.8665,6639999.8665,2019-07-31T12:46:50.973000Z
419,1.11493,1.11495,1000000.0,10390000.3433,2019-07-31T12:46:51.127000Z
420,1.11494,1.1149600000000002,2119999.8856,3559999.9428,2019-07-31T12:46:51.231000Z
421,1.11494,1.1149600000000002,1690000.0572,1000000.0,2019-07-31T12:46:51.338000Z
422,1.11495,1.11497,1000000.0,4719999.7902,2019-07-31T12:46:51.441000Z
423,1.11495,1.1149600000000002,1000000.0,1100000.0238,2019-07-31T12:46:51.543000Z
424,1.11494,1.11497,1250000.0,4300000.1907,2019-07-31T12:46:51.644000Z
425,1.11494,1.11497,2440000.0572,7199999.8093,2019-07-31T12:46:51.747000Z
426,1.11493,1.11494,1690000.0572,1000000.0,2019-07-31T12:46:51.849000Z
427,1.1149200000000001,1.11494,1500000.0,1000000.0,2019-07-31T12:46:52.002000Z
428,1.1149200000000001,1.11495,1000000.0,3490000.0095,2019-07-31T12:46:52.113000Z
429,1.1149200000000001,1.11494,2250000.0,1570000.0525,2019-07-31T12:46:52.316000Z
430,1.11495,1.1149600000000002,1000000.0,8319999.6948,2019-07-31T12:46:52.367000Z
431,1.11495,1.11497,1000000.0,12109999.6567,2019-07-31T12:46:52.469000Z
432,1.11495,1.1149600000000002,1000000.0,1000000.0,2019-07-31T12:46:52.571000Z
433,1.11495,1.11497,1500000.0,11699999.8093,2019-07-31T12:46:52.749000Z
434,1.11495,1.1149600000000002,1000000.0,1000000.0,2019-07-31T12:46:52.851000Z
435,1.1149600000000002,1.11497,1000000.0,2250000.0,2019-07-31T12:46:52.902000Z
436,1.11495,1.1149600000000002,1500000.0,1100000.0238,2019-07-31T12:46:53.054000Z
437,1.1149600000000002,1.11497,1000000.0,5250000.0,2019-07-31T12:46:53.156000Z
438,1.11495,1.1149600000000002,1500000.0,1100000.0238,2019-07-31T12:46:53.259000Z
439,1.11495,1.11497,1000000.0,5250000.0,2019-07-31T12:46:53.412000Z
440,1.11495,1.1149600000000002,1000000.0,1000000.0,2019-07-31T12:46:53.514000Z
441,1.11495,1.11497,1000000.0,5250000.0,2019-07-31T12:46:53.717000Z
442,1.11495,1.11497,1000000.0,4599999.9046,2019-07-31T12:46:53.898000Z
443,1.11495,1.11497,1000000.0,5250000.0,2019-07-31T12:46:54.050000Z
444,1.11495,1.1149600000000002,1000000.0,1000000.0,2019-07-31T12:46:54.304000Z
445,1.11495,1.11497,1000000.0,5250000.0,2019-07-31T12:46:54.457000Z
446,1.11495,1.11497,1000000.0,4599999.9046,2019-07-31T12:46:54.558000Z
447,1.11495,1.11497,1000000.0,5250000.0,2019-07-31T12:46:54.660000Z
448,1.11495,1.1149600000000002,1500000.0,1100000.0238,2019-07-31T12:46:54.965000Z
449,1.1149600000000002,1.11497,1000000.0,1500000.0,2019-07-31T12:46:55.269000Z
450,1.11495,1.1149600000000002,1000000.0,1000000.0,2019-07-31T12:46:55.371000Z
451,1.11494,1.11497,1690000.0572,2250000.0,2019-07-31T12:46:55.542000Z
452,1.11494,1.1149600000000002,2440000.0572,1100000.0238,2019-07-31T12:46:55.644000Z
453,1.11495,1.11497,1000000.0,3000000.0,2019-07-31T12:46:55.746000Z
454,1.11495,1.1149600000000002,1000000.0,1570000.0525,2019-07-31T12:46:55.847000Z
455,1.11494,1.1149600000000002,2440000.0572,1600000.0238,2019-07-31T12:46:56.154000Z
456,1.11495,1.1149600000000002,1000000.0,1500000.0,2019-07-31T12:46:56.307000Z
457,1.11494,1.1149600000000002,1690000.0572,1100000.0238,2019-07-31T12:46:56.786000Z
458,1.11495,1.1149600000000002,1000000.0,1000000.0,2019-07-31T12:46:56.938000Z
459,1.11495,1.11497,1000000.0,2250000.0,2019-07-31T12:46:57.091000Z
460,1.11495,1.11497,1000000.0,2349999.9046,2019-07-31T12:46:57.192000Z
461,1.11495,1.11497,1000000.0,2250000.0,2019-07-31T12:46:57.294000Z
462,1.11494,1.11497,3190000.0572,2349999.9046,2019-07-31T12:46:57.395000Z
463,1.11495,1.11497,1000000.0,2250000.0,2019-07-31T12:46:57.446000Z
464,1.11494,1.11497,1690000.0572,1600000.0238,2019-07-31T12:46:57.497000Z
465,1.11495,1.11497,1000000.0,2250000.0,2019-07-31T12:46:57.599000Z
466,1.11495,1.11497,1000000.0,1600000.0238,2019-07-31T12:46:57.700000Z
467,1.11495,1.11497,1000000.0,2250000.0,2019-07-31T12:46:57.806000Z
468,1.11495,1.11497,1000000.0,1600000.0238,2019-07-31T12:46:57.907000Z
469,1.1149600000000002,1.11497,1000000.0,1000000.0,2019-07-31T12:46:58.009000Z
470,1.11495,1.11497,2509999.9905,1500000.0,2019-07-31T12:46:58.213000Z
471,1.11495,1.11498,1250000.0,6019999.9809,2019-07-31T12:46:58.314000Z
472,1.11494,1.11498,5659999.8474,3210000.0381,2019-07-31T12:46:58.416000Z
473,1.11494,1.11497,5659999.8474,1000000.0,2019-07-31T12:46:58.517000Z
474,1.11495,1.11497,1000000.0,1500000.0,2019-07-31T12:46:58.756000Z
475,1.11495,1.1149600000000002,1000000.0,1000000.0,2019-07-31T12:46:58.858000Z
476,1.11494,1.11497,2440000.0572,1500000.0,2019-07-31T12:46:58.961000Z
477,1.11494,1.11497,2440000.0572,1100000.0238,2019-07-31T12:46:59.114000Z
478,1.11494,1.11497,2440000.0572,1500000.0,2019-07-31T12:46:59.266000Z
479,1.11495,1.1149600000000002,1000000.0,1100000.0238,2019-07-31T12:46:59.317000Z
480,1.11495,1.1149600000000002,1000000.0,1500000.0,2019-07-31T12:46:59.419000Z
481,1.11494,1.1149600000000002,4690000.0572,1100000.0238,2019-07-31T12:46:59.520000Z
482,1.11494,1.11497,2059999.9428,7119999.8856,2019-07-31T12:46:59.793000Z
483,1.11494,1.11497,2059999.9428,5719999.7902,2019-07-31T12:46:59.997000Z
484,1.11494,1.11497,1690000.0572,3970000.0286,2019-07-31T12:47:00.149000Z
485,1.11495,1.11497,1000000.0,3990000.0095,2019-07-31T12:47:00.251000Z
486,1.11495,1.11497,1500000.0,3299999.9523,2019-07-31T12:47:01.012000Z
487,1.1149600000000002,1.11497,1250000.0,2250000.0,2019-07-31T12:47:01.114000Z
488,1.11495,1.11498,3250000.0,6190000.0572,2019-07-31T12:47:01.216000Z
489,1.11495,1.11497,1309999.9428,3099999.9046,2019-07-31T12:47:01.318000Z
490,1.11495,1.11497,1500000.0,3599999.9046,2019-07-31T12:47:01.427000Z
491,1.11495,1.11498,1500000.0,3940000.0572,2019-07-31T12:47:01.630000Z
492,1.11495,1.11497,2440000.0572,1000000.0,2019-07-31T12:47:01.732000Z
493,1.11495,1.1149600000000002,1690000.0572,1000000.0,2019-07-31T12:47:01.835000Z
494,1.11495,1.11497,1000000.0,1500000.0,2019-07-31T12:47:01.937000Z
495,1.11494,1.11497,2059999.9428,2349999.9046,2019-07-31T12:47:02.181000Z
496,1.11494,1.11498,1690000.0572,7340000.1526,2019-07-31T12:47:02.282000Z
497,1.11494,1.11497,5510000.2289,2420000.0763,2019-07-31T12:47:02.384000Z
498,1.11494,1.11497,5570000.1717,3000000.0,2019-07-31T12:47:02.486000Z
499,1.11495,1.11498,1250000.0,5289999.9619,2019-07-31T12:47:02.588000Z
500,1.1149600000000002,1.11498,1250000.0,3960000.0381,2019-07-31T12:47:02.689000Z
501,1.11495,1.11497,1309999.9428,1100000.0238,2019-07-31T12:47:02.791000Z
502,1.1149600000000002,1.11498,1250000.0,6510000.2289,2019-07-31T12:47:02.893000Z
503,1.11494,1.11497,2509999.9905,1100000.0238,2019-07-31T12:47:03.150000Z
504,1.11495,1.11497,1000000.0,2349999.9046,2019-07-31T12:47:03.404000Z
505,1.1149600000000002,1.11497,1000000.0,2250000.0,2019-07-31T12:47:03.507000Z
506,1.1149600000000002,1.11498,1000000.0,5550000.1907,2019-07-31T12:47:03.710000Z
507,1.11495,1.11497,2119999.8856,1500000.0,2019-07-31T12:47:03.812000Z
508,1.11495,1.11498,1250000.0,3109999.8951,2019-07-31T12:47:04.137000Z
509,1.11494,1.11497,5949999.8093,2250000.0,2019-07-31T12:47:04.291000Z
510,1.11495,1.11498,1350000.0238,3490000.0095,2019-07-31T12:47:04.445000Z
511,1.11495,1.11497,1250000.0,1000000.0,2019-07-31T12:47:04.547000Z
512,1.11494,1.1149600000000002,3819999.9332,1000000.0,2019-07-31T12:47:04.700000Z
513,1.11494,1.11497,4070000.1717,1570000.0525,2019-07-31T12:47:04.821000Z
514,1.11495,1.11498,1009999.9905,2700000.0477,2019-07-31T12:47:04.923000Z
515,1.11494,1.11497,2220000.0286,1500000.0,2019-07-31T12:47:05.025000Z
516,1.11495,1.11497,1370000.0048,1350000.0238,2019-07-31T12:47:06.115000Z
517,1.11495,1.1149600000000002,2059999.9428,1000000.0,2019-07-31T12:47:06.334000Z
518,1.11495,1.11497,1370000.0048,1500000.0,2019-07-31T12:47:06.436000Z
519,1.11495,1.11498,3470000.0286,4610000.1335,2019-07-31T12:47:06.785000Z
520,1.11497,1.11499,1000000.0,8050000.1907,2019-07-31T12:47:07.747000Z
521,1.11495,1.11499,3250000.0,9170000.0763,2019-07-31T12:47:07.850000Z
522,1.11495,1.11499,4000000.0,7239999.7711,2019-07-31T12:47:08.003000Z
523,1.11495,1.11498,6250000.0,1000000.0,2019-07-31T12:47:08.156000Z
524,1.11495,1.11499,4000000.0,7239999.7711,2019-07-31T12:47:08.258000Z
525,1.1149600000000002,1.11498,1750000.0,1000000.0,2019-07-31T12:47:08.424000Z
526,1.11495,1.11499,5500000.0,7239999.7711,2019-07-31T12:47:08.526000Z
527,1.11495,1.11498,5500000.0,1000000.0,2019-07-31T12:47:08.628000Z
528,1.11497,1.11499,1250000.0,7239999.7711,2019-07-31T12:47:08.730000Z
529,1.11497,1.11498,1690000.0572,1500000.0,2019-07-31T12:47:08.832000Z
530,1.11498,1.11499,1000000.0,1500000.0,2019-07-31T12:47:09.543000Z
531,1.11497,1.11498,1690000.0572,1000000.0,2019-07-31T12:47:09.645000Z
532,1.11498,1.11499,1000000.0,1500000.0,2019-07-31T12:47:09.849000Z
533,1.11497,1.11498,1250000.0,1000000.0,2019-07-31T12:47:09.951000Z
534,1.11498,1.11499,1000000.0,1500000.0,2019-07-31T12:47:11.099000Z
535,1.11497,1.11498,1250000.0,1000000.0,2019-07-31T12:47:11.200000Z
536,1.11498,1.11499,1000000.0,1000000.0,2019-07-31T12:47:11.353000Z
537,1.11497,1.11499,3940000.0572,1000000.0,2019-07-31T12:47:11.455000Z
538,1.11497,1.115,3039999.9619,3750000.0,2019-07-31T12:47:11.827000Z
539,1.11497,1.11499,4610000.1335,1000000.0,2019-07-31T12:47:12.283000Z
540,1.11497,1.115,4610000.1335,9069999.6948,2019-07-31T12:47:12.385000Z
541,1.11497,1.11499,3250000.0,1000000.0,2019-07-31T12:47:12.537000Z
542,1.11497,1.115,2500000.0,3559999.9428,2019-07-31T12:47:12.700000Z
543,1.11497,1.11499,3619999.8856,1000000.0,2019-07-31T12:47:12.802000Z
544,1.1149600000000002,1.11498,6849999.9046,1000000.0,2019-07-31T12:47:12.904000Z
545,1.11497,1.115,1250000.0,6190000.0572,2019-07-31T12:47:13.383000Z
546,1.11497,1.11498,1250000.0,1000000.0,2019-07-31T12:47:13.485000Z
547,1.1149600000000002,1.11499,6760000.2289,3369999.8856,2019-07-31T12:47:13.801000Z
548,1.11497,1.11499,1100000.0238,4869999.8856,2019-07-31T12:47:14.106000Z
549,1.1149600000000002,1.11499,6570000.1717,2619999.8856,2019-07-31T12:47:15.543000Z
550,1.1149600000000002,1.115,6570000.1717,7760000.2289,2019-07-31T12:47:15.679000Z
551,1.1149600000000002,1.115,5820000.1717,11199999.8093,2019-07-31T12:47:16.052000Z
552,1.1149600000000002,1.11498,8069999.6948,1000000.0,2019-07-31T12:47:16.737000Z
553,1.11498,1.115,1000000.0,6559999.9428,2019-07-31T12:47:17.016000Z
554,1.11499,1.115,4349999.9046,1309999.9428,2019-07-31T12:47:17.118000Z
555,1.115,1.1150200000000001,2319999.9332,1000000.0,2019-07-31T12:47:17.169000Z
556,1.11501,1.11503,4349999.9046,4500000.0,2019-07-31T12:47:17.284000Z
557,1.1150200000000001,1.11504,1500000.0,1870000.0048,2019-07-31T12:47:17.437000Z
558,1.11501,1.11504,4159999.8474,1000000.0,2019-07-31T12:47:17.538000Z
559,1.11501,1.11504,1690000.0572,3369999.8856,2019-07-31T12:47:17.640000Z
560,1.11501,1.11505,2440000.0572,7389999.8665,2019-07-31T12:47:18.368000Z
561,1.11501,1.11504,3190000.0572,1000000.0,2019-07-31T12:47:18.469000Z
562,1.11501,1.11504,1690000.0572,3869999.8856,2019-07-31T12:47:19.348000Z
563,1.115,1.11501,1759999.9905,2250000.0,2019-07-31T12:47:19.450000Z
564,1.115,1.11501,2440000.0572,1000000.0,2019-07-31T12:47:19.554000Z
565,1.11501,1.11503,3750000.0,3000000.0,2019-07-31T12:47:19.605000Z
566,1.1150200000000001,1.11503,1000000.0,1500000.0,2019-07-31T12:47:22.635000Z
567,1.11501,1.11503,2250000.0,1500000.0,2019-07-31T12:47:22.736000Z
568,1.1150200000000001,1.11503,1000000.0,1570000.0525,2019-07-31T12:47:22.838000Z
569,1.1150200000000001,1.11504,1000000.0,2740000.0095,2019-07-31T12:47:23.877000Z
570,1.1150200000000001,1.11504,1000000.0,2549999.9523,2019-07-31T12:47:24.029000Z
571,1.11503,1.11504,1000000.0,2549999.9523,2019-07-31T12:47:24.131000Z
572,1.1150200000000001,1.11504,1000000.0,3299999.9523,2019-07-31T12:47:24.334000Z
573,1.1150200000000001,1.11503,1000000.0,1000000.0,2019-07-31T12:47:24.653000Z
574,1.1150200000000001,1.11505,1000000.0,8210000.0381,2019-07-31T12:47:24.862000Z
575,1.11503,1.11505,1000000.0,8210000.0381,2019-07-31T12:47:25.091000Z
576,1.1150200000000001,1.11504,1000000.0,1000000.0,2019-07-31T12:47:26.442000Z
577,1.11503,1.11504,1000000.0,1500000.0,2019-07-31T12:47:28.914000Z
578,1.11504,1.11505,1000000.0,1100000.0238,2019-07-31T12:47:32.025000Z
579,1.11504,1.1150600000000002,1000000.0,1309999.9428,2019-07-31T12:47:32.382000Z
580,1.11504,1.1150600000000002,1000000.0,1309999.9428,2019-07-31T12:47:32.484000Z
581,1.11503,1.1150600000000002,4719999.7902,2440000.0572,2019-07-31T12:47:32.686000Z
582,1.11503,1.11505,3970000.0286,1500000.0,2019-07-31T12:47:32.897000Z
583,1.11503,1.1150600000000002,3220000.0286,10010000.2289,2019-07-31T12:47:33.193000Z
584,1.11503,1.11505,3599999.9046,1500000.0,2019-07-31T12:47:33.295000Z
585,1.1150200000000001,1.11504,1000000.0,1120000.0048,2019-07-31T12:47:33.497000Z
586,1.1150200000000001,1.11503,3599999.9046,1000000.0,2019-07-31T12:47:33.600000Z
587,1.11501,1.11503,4760000.2289,1000000.0,2019-07-31T12:47:34.584000Z
588,1.11501,1.11505,4760000.2289,9409999.8474,2019-07-31T12:47:34.731000Z
589,1.1150200000000001,1.11504,1000000.0,2890000.1049,2019-07-31T12:47:36.010000Z
590,1.11503,1.11504,1000000.0,1500000.0,2019-07-31T12:47:36.415000Z
591,1.1150200000000001,1.11505,1250000.0,3119999.8856,2019-07-31T12:47:36.517000Z
592,1.1150200000000001,1.11504,1009999.9905,1000000.0,2019-07-31T12:47:36.669000Z
593,1.11501,1.11503,7610000.1335,1000000.0,2019-07-31T12:47:37.173000Z
594,1.1150200000000001,1.11504,1309999.9428,1500000.0,2019-07-31T12:47:37.224000Z
595,1.11501,1.11503,6469999.7902,1000000.0,2019-07-31T12:47:37.887000Z
596,1.11501,1.11503,5659999.8474,1000000.0,2019-07-31T12:47:38.131000Z
597,1.1150200000000001,1.11503,1000000.0,1000000.0,2019-07-31T12:47:38.385000Z
598,1.11501,1.11503,1309999.9428,1000000.0,2019-07-31T12:47:38.486000Z
599,1.1150200000000001,1.11503,2099999.9046,1000000.0,2019-07-31T12:47:39.054000Z
600,1.11504,1.1150600000000002,1000000.0,10010000.2289,2019-07-31T12:47:39.175000Z
601,1.1150200000000001,1.11504,4389999.8665,1000000.0,2019-07-31T12:47:39.277000Z
602,1.1150200000000001,1.11503,1690000.0572,1000000.0,2019-07-31T12:47:39.990000Z
603,1.1150200000000001,1.11504,1690000.0572,1690000.0572,2019-07-31T12:47:46.725000Z
604,1.11501,1.11504,4349999.9046,1100000.0238,2019-07-31T12:47:47.132000Z
605,1.1150200000000001,1.11504,1500000.0,1100000.0238,2019-07-31T12:47:47.809000Z
606,1.11501,1.11504,4420000.0763,1100000.0238,2019-07-31T12:47:47.922000Z
607,1.1150200000000001,1.11504,2099999.9046,1200000.0477,2019-07-31T12:47:49.862000Z
608,1.11503,1.11505,1000000.0,2809999.9428,2019-07-31T12:47:49.964000Z
609,1.11503,1.11505,1000000.0,7610000.1335,2019-07-31T12:47:50.858000Z
610,1.11503,1.11505,1000000.0,3259999.9905,2019-07-31T12:47:51.715000Z
611,1.1150200000000001,1.11505,2849999.9046,4010000.2289,2019-07-31T12:47:51.766000Z
612,1.1150200000000001,1.11504,2250000.0,3069999.9332,2019-07-31T12:47:52.050000Z
613,1.115,1.11501,5889999.8665,1000000.0,2019-07-31T12:47:52.101000Z
614,1.115,1.1150200000000001,1000000.0,1200000.0477,2019-07-31T12:47:52.204000Z
615,1.115,1.1150200000000001,1000000.0,1500000.0,2019-07-31T12:47:52.313000Z
616,1.11499,1.11501,3190000.0572,1000000.0,2019-07-31T12:47:52.415000Z
617,1.115,1.1150200000000001,1000000.0,1500000.0,2019-07-31T12:47:52.517000Z
618,1.11499,1.1150200000000001,3190000.0572,4119999.8856,2019-07-31T12:47:52.619000Z
619,1.11501,1.11503,4440000.0572,2319999.9332,2019-07-31T12:47:52.721000Z
620,1.1150200000000001,1.11504,1000000.0,2289999.9619,2019-07-31T12:47:52.772000Z
621,1.1150200000000001,1.11505,2099999.9046,3109999.8951,2019-07-31T12:47:53.177000Z
622,1.11501,1.11505,7159999.8474,8489999.7711,2019-07-31T12:47:53.279000Z
623,1.11501,1.11505,5659999.8474,5739999.7711,2019-07-31T12:47:53.452000Z
624,1.11501,1.11504,6110000.1335,1120000.0048,2019-07-31T12:47:53.696000Z
625,1.1150200000000001,1.11505,1000000.0,3009999.9905,2019-07-31T12:47:54.031000Z
626,1.11501,1.11505,5289999.9619,3390000.1049,2019-07-31T12:47:55.641000Z
627,1.1150200000000001,1.11504,1000000.0,2619999.8856,2019-07-31T12:47:55.743000Z
628,1.11501,1.11504,6860000.1335,2619999.8856,2019-07-31T12:47:56.970000Z
629,1.1150200000000001,1.11504,1000000.0,2619999.8856,2019-07-31T12:47:57.379000Z
630,1.11501,1.11505,6039999.9619,4139999.8665,2019-07-31T12:47:57.807000Z
631,1.1150200000000001,1.11504,1500000.0,2619999.8856,2019-07-31T12:47:58.135000Z
632,1.11501,1.11505,6489999.7711,4539999.9619,2019-07-31T12:47:58.652000Z
633,1.1150200000000001,1.11504,1000000.0,1000000.0,2019-07-31T12:47:59.380000Z
634,1.11501,1.11504,6039999.9619,1000000.0,2019-07-31T12:47:59.685000Z
635,1.1150200000000001,1.11505,1000000.0,2809999.9428,2019-07-31T12:47:59.786000Z
636,1.1150200000000001,1.11504,1500000.0,1000000.0,2019-07-31T12:47:59.923000Z
637,1.11501,1.1150200000000001,1000000.0,2059999.9428,2019-07-31T12:48:02.270000Z
638,1.11499,1.11501,1250000.0,1100000.0238,2019-07-31T12:48:02.396000Z
639,1.115,1.1150200000000001,1000000.0,4639999.8665,2019-07-31T12:48:02.550000Z
640,1.115,1.1150200000000001,1250000.0,3190000.0572,2019-07-31T12:48:02.906000Z
641,1.11499,1.1150200000000001,7500000.0,2059999.9428,2019-07-31T12:48:03.162000Z
642,1.115,1.1150200000000001,1000000.0,2140000.1049,2019-07-31T12:48:03.265000Z
643,1.115,1.11501,1000000.0,1000000.0,2019-07-31T12:48:03.624000Z
644,1.115,1.1150200000000001,1690000.0572,4869999.8856,2019-07-31T12:48:04.556000Z
645,1.115,1.11501,1250000.0,1000000.0,2019-07-31T12:48:04.658000Z
646,1.115,1.1150200000000001,1690000.0572,2740000.0095,2019-07-31T12:48:04.869000Z
647,1.115,1.11501,1000000.0,1000000.0,2019-07-31T12:48:05.279000Z
648,1.115,1.1150200000000001,1000000.0,3750000.0,2019-07-31T12:48:05.381000Z
649,1.115,1.11501,1690000.0572,1000000.0,2019-07-31T12:48:06.828000Z
650,1.115,1.1150200000000001,1000000.0,2619999.8856,2019-07-31T12:48:07.263000Z
651,1.115,1.11501,1000000.0,1000000.0,2019-07-31T12:48:07.494000Z
652,1.115,1.1150200000000001,1000000.0,2619999.8856,2019-07-31T12:48:07.618000Z
653,1.115,1.11501,1000000.0,1000000.0,2019-07-31T12:48:07.719000Z
654,1.115,1.1150200000000001,1000000.0,3500000.0,2019-07-31T12:48:07.827000Z
655,1.115,1.11501,1000000.0,1000000.0,2019-07-31T12:48:12.820000Z
656,1.11498,1.11501,2440000.0572,2119999.8856,2019-07-31T12:48:12.922000Z
657,1.11499,1.11501,1309999.9428,2250000.0,2019-07-31T12:48:13.024000Z
658,1.115,1.11501,1000000.0,1000000.0,2019-07-31T12:48:13.155000Z
659,1.11501,1.1150200000000001,1000000.0,1000000.0,2019-07-31T12:48:13.258000Z
660,1.115,1.11504,1690000.0572,11359999.6567,2019-07-31T12:48:16.569000Z
661,1.115,1.11503,2440000.0572,1000000.0,2019-07-31T12:48:17.234000Z
662,1.115,1.11504,1250000.0,7610000.1335,2019-07-31T12:48:18.142000Z
663,1.115,1.11503,1250000.0,1000000.0,2019-07-31T12:48:18.429000Z
664,1.11501,1.11503,1000000.0,1000000.0,2019-07-31T12:48:19.046000Z
665,1.1150200000000001,1.11504,1000000.0,1759999.9905,2019-07-31T12:48:19.152000Z
666,1.11501,1.11504,5289999.9619,1500000.0,2019-07-31T12:48:19.560000Z
667,1.1150200000000001,1.11504,1000000.0,3000000.0,2019-07-31T12:48:19.919000Z
668,1.11501,1.11504,5289999.9619,1500000.0,2019-07-31T12:48:20.021000Z
669,1.11501,1.11504,5739999.7711,1620000.0048,2019-07-31T12:48:20.122000Z
670,1.11501,1.11504,5289999.9619,1500000.0,2019-07-31T12:48:20.641000Z
671,1.1150200000000001,1.11504,1000000.0,3000000.0,2019-07-31T12:48:21.165000Z
672,1.1150200000000001,1.11504,1000000.0,3119999.8856,2019-07-31T12:48:21.433000Z
673,1.11501,1.11504,6489999.7711,2369999.8856,2019-07-31T12:48:21.743000Z
674,1.1150200000000001,1.11504,1000000.0,1120000.0048,2019-07-31T12:48:21.848000Z
675,1.11501,1.11505,6489999.7711,3690000.0572,2019-07-31T12:48:21.949000Z
676,1.11501,1.11505,6510000.2289,4389999.8665,2019-07-31T12:48:22.091000Z
677,1.11501,1.11504,8010000.2289,1000000.0,2019-07-31T12:48:22.243000Z
678,1.11501,1.11505,6510000.2289,3259999.9905,2019-07-31T12:48:22.345000Z
679,1.11501,1.11504,6510000.2289,1000000.0,2019-07-31T12:48:22.603000Z
680,1.11501,1.11504,6489999.7711,1100000.0238,2019-07-31T12:48:23.055000Z
681,1.1150200000000001,1.11504,1000000.0,2960000.0381,2019-07-31T12:48:24.036000Z
682,1.11501,1.11504,7420000.0763,1840000.0334,2019-07-31T12:48:24.138000Z
683,1.1150200000000001,1.11504,1000000.0,1309999.9428,2019-07-31T12:48:25.810000Z
684,1.11501,1.11504,5849999.9046,1309999.9428,2019-07-31T12:48:26.322000Z
685,1.1150200000000001,1.11504,1000000.0,2059999.9428,2019-07-31T12:48:27.107000Z
686,1.11501,1.11504,5099999.9046,1309999.9428,2019-07-31T12:48:27.209000Z
687,1.1150200000000001,1.11504,1000000.0,1309999.9428,2019-07-31T12:48:30.253000Z
688,1.11501,1.11504,3599999.9046,1309999.9428,2019-07-31T12:48:30.431000Z
689,1.11501,1.11503,3599999.9046,1000000.0,2019-07-31T12:48:30.596000Z
690,1.1150200000000001,1.11503,1000000.0,1000000.0,2019-07-31T12:48:31.833000Z
691,1.11501,1.11503,3970000.0286,1000000.0,2019-07-31T12:48:31.935000Z
692,1.1150200000000001,1.11503,1000000.0,1000000.0,2019-07-31T12:48:33.284000Z
693,1.11501,1.11503,3599999.9046,1000000.0,2019-07-31T12:48:33.535000Z
694,1.1150200000000001,1.11503,1000000.0,1000000.0,2019-07-31T12:48:33.738000Z
695,1.11501,1.11503,3599999.9046,1000000.0,2019-07-31T12:48:33.839000Z
696,1.1150200000000001,1.11503,1000000.0,1000000.0,2019-07-31T12:48:34.071000Z
697,1.11501,1.11503,3599999.9046,1000000.0,2019-07-31T12:48:34.296000Z
698,1.1150200000000001,1.11503,1000000.0,1000000.0,2019-07-31T12:48:34.862000Z
699,1.11501,1.11503,3599999.9046,1000000.0,2019-07-31T12:48:35.120000Z
700,1.11501,1.1150200000000001,3000000.0,1000000.0,2019-07-31T12:48:35.273000Z
701,1.115,1.1150200000000001,2140000.1049,1120000.0048,2019-07-31T12:48:35.376000Z
702,1.11499,1.11503,13420000.0763,1000000.0,2019-07-31T12:48:35.579000Z
703,1.11501,1.11503,1000000.0,1250000.0,2019-07-31T12:48:45.939000Z
704,1.11501,1.1150200000000001,1500000.0,1000000.0,2019-07-31T12:48:47.437000Z
705,1.115,1.11503,2319999.9332,2059999.9428,2019-07-31T12:48:47.540000Z
706,1.115,1.1150200000000001,1570000.0525,1250000.0,2019-07-31T12:48:47.618000Z
707,1.11498,1.11499,9069999.6948,1000000.0,2019-07-31T12:48:47.669000Z
708,1.11497,1.11498,1500000.0,1000000.0,2019-07-31T12:48:47.772000Z
709,1.11498,1.11499,1000000.0,1690000.0572,2019-07-31T12:48:50.466000Z
710,1.11499,1.115,1000000.0,2319999.9332,2019-07-31T12:48:50.569000Z
711,1.11498,1.11499,1950000.0477,1000000.0,2019-07-31T12:48:50.670000Z
712,1.115,1.11501,1000000.0,4690000.0572,2019-07-31T12:48:50.772000Z
713,1.115,1.11501,1200000.0477,1500000.0,2019-07-31T12:48:50.874000Z
714,1.11499,1.1150200000000001,4539999.9619,2250000.0,2019-07-31T12:48:51.132000Z
715,1.11499,1.1150200000000001,3410000.0858,3000000.0,2019-07-31T12:48:51.233000Z
716,1.11499,1.1150200000000001,3410000.0858,3000000.0,2019-07-31T12:48:51.887000Z
717,1.115,1.1150200000000001,1220000.0286,3000000.0,2019-07-31T12:48:52.461000Z
718,1.115,1.1150200000000001,1200000.0477,1000000.0,2019-07-31T12:48:52.563000Z
719,1.115,1.11503,1200000.0477,5809999.9428,2019-07-31T12:48:52.887000Z
720,1.115,1.1150200000000001,1200000.0477,1000000.0,2019-07-31T12:48:53.716000Z
721,1.115,1.11503,1200000.0477,9560000.4196,2019-07-31T12:48:53.843000Z
722,1.115,1.11503,1970000.0286,9560000.4196,2019-07-31T12:48:53.985000Z
723,1.115,1.11503,1200000.0477,9560000.4196,2019-07-31T12:48:54.141000Z
724,1.11499,1.1150200000000001,2660000.0858,1000000.0,2019-07-31T12:48:55.282000Z
725,1.115,1.1150200000000001,1970000.0286,1000000.0,2019-07-31T12:48:56.035000Z
726,1.11499,1.1150200000000001,5289999.9619,1870000.0048,2019-07-31T12:48:57.503000Z
727,1.11499,1.115,1200000.0477,1000000.0,2019-07-31T12:48:57.820000Z
728,1.11498,1.11501,4570000.1717,3410000.0858,2019-07-31T12:48:57.922000Z
729,1.11498,1.11499,1200000.0477,1000000.0,2019-07-31T12:48:58.040000Z
730,1.11497,1.115,7420000.0763,1539999.9619,2019-07-31T12:48:58.142000Z
731,1.11498,1.115,1000000.0,2289999.9619,2019-07-31T12:48:59.012000Z
732,1.11497,1.115,7420000.0763,1539999.9619,2019-07-31T12:48:59.441000Z
733,1.11498,1.11499,1000000.0,1000000.0,2019-07-31T12:48:59.542000Z
734,1.11497,1.115,4420000.0763,2660000.0858,2019-07-31T12:48:59.644000Z
735,1.11498,1.115,1000000.0,3410000.0858,2019-07-31T12:48:59.746000Z
736,1.11498,1.115,1500000.0,3160000.0858,2019-07-31T12:48:59.914000Z
737,1.11498,1.115,1000000.0,7909999.8474,2019-07-31T12:49:00.066000Z
738,1.11498,1.11501,1000000.0,4110000.1335,2019-07-31T12:49:02.954000Z
739,1.115,1.1150200000000001,3000000.0,2720000.0286,2019-07-31T12:49:03.056000Z
740,1.11501,1.1150200000000001,1500000.0,1000000.0,2019-07-31T12:49:03.107000Z
741,1.11501,1.11503,1000000.0,1870000.0048,2019-07-31T12:49:03.209000Z
742,1.11501,1.1150200000000001,1500000.0,1000000.0,2019-07-31T12:49:04.314000Z
743,1.11501,1.11503,1000000.0,1909999.9666,2019-07-31T12:49:04.727000Z
744,1.1150200000000001,1.11503,1000000.0,3039999.9619,2019-07-31T12:49:04.983000Z
745,1.11501,1.11503,1500000.0,2289999.9619,2019-07-31T12:49:05.085000Z
746,1.11501,1.11504,1000000.0,3000000.0,2019-07-31T12:49:09.974000Z
747,1.1150200000000001,1.11504,1000000.0,1539999.9619,2019-07-31T12:49:16.839000Z
748,1.11503,1.11504,1000000.0,1049999.9523,2019-07-31T12:49:19.194000Z
749,1.11504,1.11505,1000000.0,5440000.0572,2019-07-31T12:49:19.296000Z
750,1.11503,1.11504,1500000.0,1000000.0,2019-07-31T12:49:19.416000Z
751,1.11504,1.1150600000000002,1000000.0,2119999.8856,2019-07-31T12:49:19.519000Z
752,1.11505,1.1150700000000002,1000000.0,3789999.9619,2019-07-31T12:49:19.622000Z
753,1.1150700000000002,1.11508,1000000.0,5320000.1717,2019-07-31T12:49:19.673000Z
754,1.1150700000000002,1.11509,1000000.0,2059999.9428,2019-07-31T12:49:19.775000Z
755,1.1150700000000002,1.11509,1000000.0,3119999.8856,2019-07-31T12:49:19.876000Z
756,1.1150700000000002,1.11509,1000000.0,1500000.0,2019-07-31T12:49:20.027000Z
757,1.1150700000000002,1.1151,1000000.0,4010000.2289,2019-07-31T12:49:21.303000Z
758,1.1150700000000002,1.1151,1000000.0,3759999.9905,2019-07-31T12:49:22.424000Z
759,1.1150700000000002,1.11508,1000000.0,1000000.0,2019-07-31T12:49:23.554000Z
760,1.1150600000000002,1.11508,3859999.8951,1000000.0,2019-07-31T12:49:24.832000Z
761,1.1150600000000002,1.11509,3859999.8951,1000000.0,2019-07-31T12:49:25.947000Z
762,1.1150700000000002,1.11508,1000000.0,1000000.0,2019-07-31T12:49:30.486000Z
763,1.1150600000000002,1.11509,4260000.2289,1000000.0,2019-07-31T12:49:30.647000Z
764,1.1150600000000002,1.11508,3039999.9619,1000000.0,2019-07-31T12:49:34.166000Z
765,1.1150600000000002,1.11509,4610000.1335,2700000.0477,2019-07-31T12:49:36.103000Z
766,1.1150700000000002,1.11508,1000000.0,1000000.0,2019-07-31T12:49:36.154000Z
767,1.1150600000000002,1.11509,3859999.8951,1000000.0,2019-07-31T12:49:38.842000Z
768,1.1150600000000002,1.11508,4159999.8474,1000000.0,2019-07-31T12:49:39.327000Z
769,1.1150600000000002,1.11509,3410000.0858,4119999.8856,2019-07-31T12:49:39.429000Z
770,1.1150600000000002,1.11508,5659999.8474,1000000.0,2019-07-31T12:49:39.897000Z
771,1.1150600000000002,1.11509,4909999.8474,3450000.0477,2019-07-31T12:49:39.998000Z
772,1.1150600000000002,1.11508,5659999.8474,1000000.0,2019-07-31T12:49:40.622000Z
773,1.1150600000000002,1.11509,4909999.8474,3450000.0477,2019-07-31T12:49:40.736000Z
774,1.1150600000000002,1.11509,2809999.9428,2750000.0,2019-07-31T12:49:43.720000Z
775,1.1150600000000002,1.11509,2440000.0572,2619999.8856,2019-07-31T12:49:43.822000Z
776,1.1150700000000002,1.11509,3599999.9046,1500000.0,2019-07-31T12:49:46.192000Z
777,1.1150600000000002,1.11509,5659999.8474,1000000.0,2019-07-31T12:49:46.344000Z
778,1.1150700000000002,1.11509,1000000.0,1500000.0,2019-07-31T12:49:53.681000Z
779,1.1150600000000002,1.11509,5360000.1335,1000000.0,2019-07-31T12:49:53.784000Z
780,1.1150600000000002,1.11509,4760000.2289,1000000.0,2019-07-31T12:49:53.886000Z
781,1.1150600000000002,1.11509,3859999.8951,1000000.0,2019-07-31T12:49:54.089000Z
782,1.1150600000000002,1.1151,5360000.1335,8810000.4196,2019-07-31T12:49:56.392000Z
783,1.1150600000000002,1.11509,5360000.1335,1000000.0,2019-07-31T12:49:58.463000Z
784,1.1150600000000002,1.11508,2359999.8951,1000000.0,2019-07-31T12:49:58.616000Z
785,1.1150600000000002,1.1151,2740000.0095,9159999.8474,2019-07-31T12:49:58.787000Z
786,1.1150600000000002,1.1151,3700000.0477,2440000.0572,2019-07-31T12:50:00.831000Z
787,1.1150600000000002,1.11509,5510000.2289,1000000.0,2019-07-31T12:50:00.933000Z
788,1.1150600000000002,1.11509,3670000.0763,3750000.0,2019-07-31T12:50:02.586000Z
789,1.1150600000000002,1.11509,4050000.1907,2750000.0,2019-07-31T12:50:05.933000Z
790,1.1150600000000002,1.11509,4800000.1907,3000000.0,2019-07-31T12:50:06.133000Z
791,1.1150700000000002,1.11509,1000000.0,3000000.0,2019-07-31T12:50:07.698000Z
792,1.1150600000000002,1.11509,4050000.1907,2250000.0,2019-07-31T12:50:07.850000Z
793,1.1150600000000002,1.11509,4820000.1717,4500000.0,2019-07-31T12:50:09.248000Z
794,1.1150600000000002,1.11509,4800000.1907,3000000.0,2019-07-31T12:50:09.378000Z
795,1.1150600000000002,1.11509,5369999.8856,2849999.9046,2019-07-31T12:50:09.519000Z
796,1.1150600000000002,1.11509,2920000.0763,1500000.0,2019-07-31T12:50:09.706000Z
797,1.1150600000000002,1.11509,3599999.9046,2849999.9046,2019-07-31T12:50:09.985000Z
798,1.1150600000000002,1.11509,2470000.0286,1570000.0525,2019-07-31T12:50:11.127000Z
799,1.1150600000000002,1.11509,3470000.0286,1200000.0477,2019-07-31T12:50:11.229000Z
800,1.1150600000000002,1.11509,4219999.7902,3849999.9046,2019-07-31T12:50:11.430000Z
801,1.1150600000000002,1.11509,3470000.0286,1200000.0477,2019-07-31T12:50:11.938000Z
802,1.1150600000000002,1.11509,3470000.0286,1220000.0286,2019-07-31T12:50:13.615000Z
803,1.1150700000000002,1.11509,1049999.9523,1350000.0238,2019-07-31T12:50:13.858000Z
804,1.1150700000000002,1.11509,1049999.9523,4469999.7902,2019-07-31T12:50:14.061000Z
805,1.1150600000000002,1.11508,2849999.9046,1600000.0238,2019-07-31T12:50:14.606000Z
806,1.1150600000000002,1.11508,1690000.0572,1100000.0238,2019-07-31T12:50:14.708000Z
807,1.1150600000000002,1.11508,1500000.0,2470000.0286,2019-07-31T12:50:14.811000Z
808,1.1150600000000002,1.11508,1500000.0,3069999.9332,2019-07-31T12:50:14.913000Z
809,1.1150600000000002,1.1150700000000002,1500000.0,1200000.0477,2019-07-31T12:50:15.038000Z
810,1.11505,1.1150700000000002,1250000.0,5639999.8665,2019-07-31T12:50:16.170000Z
811,1.11504,1.1150600000000002,2440000.0572,1200000.0477,2019-07-31T12:50:17.408000Z
812,1.11504,1.1150600000000002,1500000.0,1600000.0238,2019-07-31T12:50:17.900000Z
813,1.11503,1.11505,3369999.8856,7760000.2289,2019-07-31T12:50:19.270000Z
814,1.1150200000000001,1.11504,12000000.0,1000000.0,2019-07-31T12:50:19.343000Z
815,1.1150200000000001,1.11503,1120000.0048,1000000.0,2019-07-31T12:50:19.447000Z
816,1.115,1.11503,13909999.8474,1000000.0,2019-07-31T12:50:19.650000Z
817,1.115,1.11503,3940000.0572,1970000.0286,2019-07-31T12:50:19.752000Z
818,1.11501,1.11503,1000000.0,1600000.0238,2019-07-31T12:50:19.958000Z
819,1.115,1.11503,3940000.0572,1600000.0238,2019-07-31T12:50:20.473000Z
820,1.115,1.11503,3369999.8856,1389999.9857,2019-07-31T12:50:20.625000Z
821,1.11498,1.11499,1100000.0238,1000000.0,2019-07-31T12:50:20.677000Z
822,1.1149600000000002,1.11499,10689999.5804,1200000.0477,2019-07-31T12:50:20.814000Z
823,1.1149600000000002,1.11499,8810000.4196,1600000.0238,2019-07-31T12:50:20.915000Z
824,1.1149600000000002,1.11499,9189999.5804,1600000.0238,2019-07-31T12:50:21.017000Z
825,1.1149600000000002,1.11499,8810000.4196,1200000.0477,2019-07-31T12:50:21.119000Z
826,1.11497,1.11499,1000000.0,1200000.0477,2019-07-31T12:50:21.221000Z
827,1.11497,1.11499,3000000.0,1720000.0286,2019-07-31T12:50:21.272000Z
828,1.1149600000000002,1.11499,4309999.9428,1600000.0238,2019-07-31T12:50:21.584000Z
829,1.11497,1.11499,1000000.0,1600000.0238,2019-07-31T12:50:21.686000Z
830,1.1149600000000002,1.11498,2250000.0,1200000.0477,2019-07-31T12:50:21.866000Z
831,1.11497,1.11498,1000000.0,1200000.0477,2019-07-31T12:50:21.968000Z
832,1.1149600000000002,1.11499,3750000.0,1850000.0238,2019-07-31T12:50:22.071000Z
833,1.11497,1.11499,1000000.0,1220000.0286,2019-07-31T12:50:22.172000Z
834,1.1149600000000002,1.11499,2809999.9428,1200000.0477,2019-07-31T12:50:22.325000Z
835,1.11497,1.11499,1000000.0,1970000.0286,2019-07-31T12:50:22.428000Z
836,1.11497,1.11499,1000000.0,1950000.0477,2019-07-31T12:50:22.529000Z
837,1.11497,1.11499,1000000.0,2349999.9046,2019-07-31T12:50:22.632000Z
838,1.1149600000000002,1.11498,4500000.0,1100000.0238,2019-07-31T12:50:23.262000Z
839,1.11497,1.11498,1500000.0,1100000.0238,2019-07-31T12:50:23.363000Z
840,1.1149600000000002,1.11498,2619999.8856,1100000.0238,2019-07-31T12:50:23.516000Z
841,1.11497,1.11499,1000000.0,1909999.9666,2019-07-31T12:50:23.750000Z
842,1.1149600000000002,1.11499,3750000.0,1789999.9619,2019-07-31T12:50:24.178000Z
843,1.11497,1.11499,1000000.0,1789999.9619,2019-07-31T12:50:24.330000Z
844,1.11497,1.11499,1120000.0048,4239999.7711,2019-07-31T12:50:24.432000Z
845,1.11497,1.11499,1120000.0048,3509999.9905,2019-07-31T12:50:24.552000Z
846,1.1149600000000002,1.11499,3970000.0286,3509999.9905,2019-07-31T12:50:24.797000Z
847,1.1149600000000002,1.11499,4619999.8856,1909999.9666,2019-07-31T12:50:25.126000Z
848,1.11497,1.11499,1500000.0,2319999.9332,2019-07-31T12:50:25.230000Z
849,1.11498,1.11499,1500000.0,1100000.0238,2019-07-31T12:50:25.463000Z
850,1.11498,1.11501,9409999.8474,8699999.8093,2019-07-31T12:50:25.514000Z
851,1.11498,1.115,5289999.9619,1000000.0,2019-07-31T12:50:25.616000Z
852,1.11498,1.11501,5789999.9619,1100000.0238,2019-07-31T12:50:25.846000Z
853,1.11499,1.1150200000000001,3940000.0572,11319999.6948,2019-07-31T12:50:27.178000Z
854,1.11499,1.1150200000000001,6039999.9619,7449999.8093,2019-07-31T12:50:27.464000Z
855,1.11499,1.11501,2559999.9428,1100000.0238,2019-07-31T12:50:28.117000Z
856,1.115,1.11503,2750000.0,4539999.9619,2019-07-31T12:50:28.219000Z
857,1.11501,1.11503,1120000.0048,1009999.9905,2019-07-31T12:50:28.321000Z
858,1.115,1.11503,3940000.0572,1600000.0238,2019-07-31T12:50:30.219000Z
859,1.115,1.11503,3190000.0572,1200000.0477,2019-07-31T12:50:30.321000Z
860,1.11501,1.11504,1000000.0,2660000.0858,2019-07-31T12:50:30.423000Z
861,1.115,1.11503,9189999.5804,1600000.0238,2019-07-31T12:50:30.569000Z
862,1.115,1.11503,4690000.0572,4719999.7902,2019-07-31T12:50:30.722000Z
863,1.115,1.11501,1000000.0,1000000.0,2019-07-31T12:50:33.487000Z
864,1.11499,1.1150200000000001,3940000.0572,1200000.0477,2019-07-31T12:50:33.590000Z
865,1.11499,1.11501,3940000.0572,1000000.0,2019-07-31T12:50:33.692000Z
866,1.115,1.11501,1000000.0,1000000.0,2019-07-31T12:50:33.895000Z
867,1.115,1.11503,1250000.0,1600000.0238,2019-07-31T12:50:33.997000Z
868,1.115,1.11501,1250000.0,1000000.0,2019-07-31T12:50:34.099000Z
869,1.115,1.1150200000000001,1250000.0,1200000.0477,2019-07-31T12:50:34.200000Z
870,1.11501,1.1150200000000001,1000000.0,1100000.0238,2019-07-31T12:50:42.602000Z
871,1.1150200000000001,1.11503,1000000.0,2319999.9332,2019-07-31T12:50:43.586000Z
872,1.11501,1.1150200000000001,1500000.0,1200000.0477,2019-07-31T12:50:45.396000Z
873,1.115,1.11503,3190000.0572,1950000.0477,2019-07-31T12:50:47.242000Z
874,1.115,1.1150200000000001,3940000.0572,1100000.0238,2019-07-31T12:50:47.492000Z
875,1.115,1.11503,4539999.9619,3299999.9523,2019-07-31T12:50:47.956000Z
876,1.115,1.11503,4539999.9619,3450000.0477,2019-07-31T12:50:48.058000Z
877,1.115,1.11503,4539999.9619,3450000.0477,2019-07-31T12:50:48.217000Z
878,1.115,1.11503,5289999.9619,3450000.0477,2019-07-31T12:50:49.226000Z
879,1.115,1.11503,4539999.9619,3450000.0477,2019-07-31T12:50:49.855000Z
880,1.115,1.11503,4539999.9619,3450000.0477,2019-07-31T12:50:50.027000Z
881,1.115,1.11503,4539999.9619,3670000.0763,2019-07-31T12:50:50.679000Z
882,1.115,1.11503,4539999.9619,3450000.0477,2019-07-31T12:50:50.832000Z
883,1.115,1.11503,4539999.9619,4050000.1907,2019-07-31T12:50:50.935000Z
884,1.115,1.11503,4539999.9619,4820000.1717,2019-07-31T12:50:51.037000Z
885,1.115,1.11503,4539999.9619,4800000.1907,2019-07-31T12:50:51.487000Z
886,1.115,1.11503,6039999.9619,6320000.1717,2019-07-31T12:50:51.588000Z
887,1.115,1.11503,6789999.9619,6300000.1907,2019-07-31T12:50:51.995000Z
888,1.115,1.11503,6789999.9619,6699999.8093,2019-07-31T12:50:52.097000Z
889,1.115,1.11503,4539999.9619,4050000.1907,2019-07-31T12:50:53.042000Z
890,1.115,1.11503,4539999.9619,4070000.1717,2019-07-31T12:50:53.171000Z
891,1.1150200000000001,1.11503,2099999.9046,3450000.0477,2019-07-31T12:50:53.223000Z
892,1.1150200000000001,1.11504,2849999.9046,1100000.0238,2019-07-31T12:50:53.324000Z
893,1.11503,1.11504,1000000.0,1200000.0477,2019-07-31T12:50:53.663000Z
894,1.1150200000000001,1.11504,1250000.0,1120000.0048,2019-07-31T12:50:53.866000Z
895,1.11501,1.11503,6289999.9619,1000000.0,2019-07-31T12:50:53.968000Z
896,1.11501,1.11504,5349999.9046,1389999.9857,2019-07-31T12:50:54.784000Z
897,1.1150200000000001,1.11504,2059999.9428,1789999.9619,2019-07-31T12:50:54.885000Z
898,1.11503,1.11504,1000000.0,1570000.0525,2019-07-31T12:50:54.987000Z
899,1.11504,1.1150600000000002,2809999.9428,2250000.0,2019-07-31T12:50:55.195000Z
900,1.11504,1.11508,4690000.0572,1759999.9905,2019-07-31T12:50:55.298000Z
901,1.11505,1.11508,2440000.0572,1450000.0477,2019-07-31T12:50:55.401000Z
902,1.1150600000000002,1.1150700000000002,1500000.0,1000000.0,2019-07-31T12:50:55.503000Z
903,1.1150600000000002,1.11508,2250000.0,1950000.0477,2019-07-31T12:50:58.669000Z
904,1.1150600000000002,1.11508,2619999.8856,2720000.0286,2019-07-31T12:50:58.772000Z
905,1.1150600000000002,1.11508,1870000.0048,1570000.0525,2019-07-31T12:50:59.255000Z
906,1.1150600000000002,1.11509,1250000.0,1950000.0477,2019-07-31T12:50:59.357000Z
907,1.1150600000000002,1.11509,2440000.0572,2349999.9046,2019-07-31T12:51:00.135000Z
908,1.1150700000000002,1.11508,1000000.0,1500000.0,2019-07-31T12:51:00.984000Z
909,1.1150700000000002,1.11509,1870000.0048,1200000.0477,2019-07-31T12:51:05.399000Z
910,1.11508,1.1151,1250000.0,3069999.9332,2019-07-31T12:51:05.501000Z
911,1.11508,1.1151,2250000.0,2720000.0286,2019-07-31T12:51:05.654000Z
912,1.1150700000000002,1.1151,3940000.0572,1389999.9857,2019-07-31T12:51:05.756000Z
913,1.11508,1.1151,1250000.0,2319999.9332,2019-07-31T12:51:07.638000Z
914,1.1150700000000002,1.11509,4500000.0,1000000.0,2019-07-31T12:51:07.741000Z
915,1.1150700000000002,1.1151,3940000.0572,2140000.1049,2019-07-31T12:51:07.844000Z
916,1.11508,1.1151,3940000.0572,1950000.0477,2019-07-31T12:51:08.219000Z
917,1.11508,1.11511,2440000.0572,3450000.0477,2019-07-31T12:51:08.371000Z
918,1.11508,1.11511,4909999.8474,2200000.0477,2019-07-31T12:51:08.627000Z
919,1.11508,1.11511,8619999.8856,2500000.0,2019-07-31T12:51:08.729000Z
920,1.11508,1.1151200000000001,6190000.0572,3470000.0286,2019-07-31T12:51:08.780000Z
921,1.11508,1.11511,7119999.8856,2200000.0477,2019-07-31T12:51:08.882000Z
922,1.11508,1.11511,6369999.8856,1970000.0286,2019-07-31T12:51:08.990000Z
923,1.11509,1.11511,1000000.0,4889999.8665,2019-07-31T12:51:09.143000Z
924,1.11508,1.1151,2440000.0572,1120000.0048,2019-07-31T12:51:09.262000Z
925,1.11508,1.1151,3250000.0,1120000.0048,2019-07-31T12:51:09.854000Z
926,1.11508,1.1151,2440000.0572,1000000.0,2019-07-31T12:51:10.115000Z
927,1.11508,1.1151,3250000.0,1000000.0,2019-07-31T12:51:10.216000Z
928,1.11508,1.1151,2440000.0572,1000000.0,2019-07-31T12:51:10.318000Z
929,1.11508,1.1151,3250000.0,1000000.0,2019-07-31T12:51:10.555000Z
930,1.11508,1.1151,2440000.0572,1000000.0,2019-07-31T12:51:10.931000Z
931,1.11508,1.1151,1690000.0572,2660000.0858,2019-07-31T12:51:11.777000Z
932,1.11508,1.1151,1750000.0,2509999.9905,2019-07-31T12:51:11.883000Z
933,1.11508,1.1151,1690000.0572,2509999.9905,2019-07-31T12:51:11.984000Z
934,1.1150700000000002,1.1151,6219999.7902,3259999.9905,2019-07-31T12:51:12.086000Z
935,1.11508,1.1151,1000000.0,2509999.9905,2019-07-31T12:51:12.938000Z
936,1.1150700000000002,1.1151,3970000.0286,2509999.9905,2019-07-31T12:51:13.348000Z
937,1.1150700000000002,1.11509,3970000.0286,1000000.0,2019-07-31T12:51:13.639000Z
938,1.11508,1.11509,1000000.0,1000000.0,2019-07-31T12:51:13.944000Z
939,1.1150700000000002,1.11509,3970000.0286,1000000.0,2019-07-31T12:51:14.266000Z
940,1.11508,1.11509,1000000.0,1000000.0,2019-07-31T12:51:14.867000Z
941,1.11508,1.11509,1000000.0,1000000.0,2019-07-31T12:51:15.562000Z
942,1.11511,1.1151200000000001,1000000.0,6639999.8665,2019-07-31T12:51:15.823000Z
943,1.1151,1.1151200000000001,1340000.0334,1000000.0,2019-07-31T12:51:15.925000Z
944,1.11509,1.11513,2809999.9428,3289999.9619,2019-07-31T12:51:16.027000Z
945,1.1151,1.11513,1000000.0,4159999.8474,2019-07-31T12:51:16.282000Z
946,1.11509,1.11513,2809999.9428,4159999.8474,2019-07-31T12:51:16.384000Z
947,1.11509,1.11513,2309999.9428,4219999.7902,2019-07-31T12:51:17.455000Z
948,1.11509,1.1151200000000001,4500000.0,1200000.0477,2019-07-31T12:51:19.780000Z
949,1.1151,1.11511,1000000.0,1539999.9619,2019-07-31T12:51:21.803000Z
950,1.11509,1.11511,5099999.9046,2920000.0763,2019-07-31T12:51:21.919000Z
951,1.11509,1.11511,1250000.0,1850000.0238,2019-07-31T12:51:22.123000Z
952,1.11509,1.11511,1250000.0,1409999.9666,2019-07-31T12:51:22.275000Z
953,1.11509,1.1151200000000001,1250000.0,2200000.0477,2019-07-31T12:51:22.377000Z
954,1.11509,1.11511,1250000.0,1409999.9666,2019-07-31T12:51:23.544000Z
955,1.11509,1.11511,1250000.0,1250000.0,2019-07-31T12:51:23.646000Z
956,1.1151,1.11513,1000000.0,7070000.1717,2019-07-31T12:51:24.071000Z
957,1.11509,1.11513,1250000.0,5949999.8093,2019-07-31T12:51:24.172000Z
958,1.1151,1.1151200000000001,1000000.0,1450000.0477,2019-07-31T12:51:24.779000Z
959,1.11511,1.11513,1500000.0,6219999.7902,2019-07-31T12:51:24.881000Z
960,1.1151200000000001,1.11513,1000000.0,1950000.0477,2019-07-31T12:51:24.983000Z
961,1.11511,1.11513,1500000.0,1200000.0477,2019-07-31T12:51:25.236000Z
962,1.1151200000000001,1.11513,1000000.0,1200000.0477,2019-07-31T12:51:25.458000Z
963,1.11511,1.11513,1000000.0,2720000.0286,2019-07-31T12:51:26.173000Z
964,1.1151200000000001,1.11514,1000000.0,6789999.9619,2019-07-31T12:51:26.325000Z
965,1.1151200000000001,1.11514,1000000.0,3789999.9619,2019-07-31T12:51:26.941000Z
966,1.1151,1.11514,3940000.0572,3789999.9619,2019-07-31T12:51:29.297000Z
967,1.1151,1.11514,3190000.0572,3640000.1049,2019-07-31T12:51:31.637000Z
968,1.1151200000000001,1.11514,1000000.0,3819999.9332,2019-07-31T12:51:31.872000Z
969,1.1151200000000001,1.11513,1000000.0,1000000.0,2019-07-31T12:51:31.974000Z
970,1.1151200000000001,1.11514,1000000.0,2319999.9332,2019-07-31T12:51:32.076000Z
971,1.11513,1.11515,2440000.0572,2660000.0858,2019-07-31T12:51:33.904000Z
972,1.11514,1.11515,1000000.0,1250000.0,2019-07-31T12:51:34.006000Z
973,1.11515,1.1151700000000002,1000000.0,3009999.9905,2019-07-31T12:51:34.883000Z
974,1.11515,1.1151700000000002,1000000.0,2059999.9428,2019-07-31T12:51:34.985000Z
975,1.11515,1.1151600000000002,1500000.0,1000000.0,2019-07-31T12:51:38.903000Z
976,1.11515,1.1151700000000002,1000000.0,1250000.0,2019-07-31T12:51:42.375000Z
977,1.11515,1.11518,1500000.0,1389999.9857,2019-07-31T12:51:42.491000Z
978,1.11515,1.11518,2250000.0,1889999.9857,2019-07-31T12:51:42.694000Z
979,1.1151600000000002,1.1151700000000002,1500000.0,1000000.0,2019-07-31T12:51:42.797000Z
980,1.1151700000000002,1.1151900000000001,1500000.0,2160000.0858,2019-07-31T12:51:45.503000Z
981,1.1151600000000002,1.1152,9970000.267,3099999.9046,2019-07-31T12:51:45.606000Z
982,1.1151700000000002,1.1151900000000001,1250000.0,1000000.0,2019-07-31T12:51:45.709000Z
983,1.1151700000000002,1.1152,1000000.0,1009999.9905,2019-07-31T12:51:46.174000Z
984,1.11518,1.1152,1000000.0,1009999.9905,2019-07-31T12:51:46.380000Z
985,1.1151700000000002,1.11521,2500000.0,5570000.1717,2019-07-31T12:51:46.796000Z
986,1.1151700000000002,1.11521,2500000.0,5570000.1717,2019-07-31T12:51:48.248000Z
987,1.11518,1.1151900000000001,1250000.0,1000000.0,2019-07-31T12:51:50.283000Z
988,1.11518,1.11521,1250000.0,6289999.9619,2019-07-31T12:51:50.437000Z
989,1.11518,1.11521,1750000.0,5889999.8665,2019-07-31T12:51:50.540000Z
990,1.1151700000000002,1.1151900000000001,5119999.8856,1000000.0,2019-07-31T12:51:50.728000Z
991,1.1151900000000001,1.11521,1250000.0,3259999.9905,2019-07-31T12:51:50.829000Z
992,1.11518,1.1152,4369999.8856,1000000.0,2019-07-31T12:51:51.425000Z
993,1.11518,1.11521,4000000.0,3259999.9905,2019-07-31T12:51:52.634000Z
994,1.1152,1.11521,1000000.0,1500000.0,2019-07-31T12:51:52.790000Z
995,1.1151900000000001,1.11521,1759999.9905,1570000.0525,2019-07-31T12:51:54.573000Z
996,1.1152,1.11521,1100000.0238,1000000.0,2019-07-31T12:51:54.827000Z
997,1.1152,1.11522,1009999.9905,1950000.0477,2019-07-31T12:51:56.350000Z
998,1.1152,1.11521,1009999.9905,1000000.0,2019-07-31T12:51:57.093000Z
999,1.1152,1.11522,1100000.0238,1950000.0477,2019-07-31T12:51:59.574000Z
1000,1.1151900000000001,1.11522,1759999.9905,1570000.0525,2019-07-31T12:52:03.348000Z
1001,1.1151900000000001,1.11522,3319999.9332,1500000.0,2019-07-31T12:52:03.625000Z
1002,1.11521,1.11523,2250000.0,1200000.0477,2019-07-31T12:52:04.060000Z
1003,1.11521,1.11524,2250000.0,2140000.1049,2019-07-31T12:52:04.161000Z
1004,1.11522,1.11524,1000000.0,2140000.1049,2019-07-31T12:52:04.263000Z
1005,1.11521,1.11524,2250000.0,2140000.1049,2019-07-31T12:52:04.567000Z
1006,1.11521,1.11524,8939999.5804,1950000.0477,2019-07-31T12:52:07.414000Z
1007,1.11523,1.11525,1250000.0,1000000.0,2019-07-31T12:52:07.516000Z
1008,1.11522,1.11525,5849999.9046,2160000.0858,2019-07-31T12:52:07.618000Z
1009,1.11522,1.11525,6469999.7902,1250000.0,2019-07-31T12:52:07.720000Z
1010,1.11523,1.11524,1120000.0048,1000000.0,2019-07-31T12:52:08.300000Z
1011,1.11523,1.11524,1500000.0,2250000.0,2019-07-31T12:52:08.402000Z
1012,1.11523,1.11525,1870000.0048,3640000.1049,2019-07-31T12:52:08.505000Z
1013,1.11523,1.11524,2059999.9428,1000000.0,2019-07-31T12:52:09.747000Z
1014,1.11523,1.11525,2059999.9428,2700000.0477,2019-07-31T12:52:09.848000Z
1015,1.11523,1.1152600000000001,2500000.0,2319999.9332,2019-07-31T12:52:10.133000Z
1016,1.11524,1.1152700000000002,2440000.0572,5699999.8093,2019-07-31T12:52:10.271000Z
1017,1.11524,1.1152600000000001,1009999.9905,1000000.0,2019-07-31T12:52:10.374000Z
1018,1.11524,1.1152700000000002,1389999.9857,4949999.8093,2019-07-31T12:52:10.680000Z
1019,1.11524,1.1152600000000001,1309999.9428,1000000.0,2019-07-31T12:52:11.183000Z
1020,1.11524,1.1152700000000002,1309999.9428,4500000.0,2019-07-31T12:52:11.501000Z
1021,1.11525,1.11528,3190000.0572,2700000.0477,2019-07-31T12:52:11.654000Z
1022,1.11525,1.1152700000000002,1690000.0572,1200000.0477,2019-07-31T12:52:11.778000Z
1023,1.11524,1.1152700000000002,2140000.1049,1200000.0477,2019-07-31T12:52:11.879000Z
1024,1.11525,1.1152700000000002,1000000.0,1200000.0477,2019-07-31T12:52:12.185000Z
1025,1.11524,1.1152700000000002,2140000.1049,1200000.0477,2019-07-31T12:52:12.338000Z
1026,1.11525,1.1152700000000002,1000000.0,1200000.0477,2019-07-31T12:52:12.454000Z
1027,1.11524,1.1152700000000002,2140000.1049,1200000.0477,2019-07-31T12:52:12.557000Z
1028,1.11525,1.11528,1000000.0,4159999.8474,2019-07-31T12:52:12.757000Z
1029,1.11524,1.11528,3640000.1049,3410000.0858,2019-07-31T12:52:13.823000Z
1030,1.1152600000000001,1.1152900000000001,1250000.0,4219999.7902,2019-07-31T12:52:14.081000Z
1031,1.1152600000000001,1.1152900000000001,1250000.0,3819999.9332,2019-07-31T12:52:14.196000Z
1032,1.1152600000000001,1.11528,2440000.0572,1500000.0,2019-07-31T12:52:14.298000Z
1033,1.1152700000000002,1.1152900000000001,1750000.0,2250000.0,2019-07-31T12:52:17.586000Z
1034,1.1152600000000001,1.1153,7789999.9619,6639999.8665,2019-07-31T12:52:17.739000Z
1035,1.1152600000000001,1.1152900000000001,6969999.7902,1000000.0,2019-07-31T12:52:17.841000Z
1036,1.1152600000000001,1.1152900000000001,2349999.9046,1009999.9905,2019-07-31T12:52:21.342000Z
1037,1.1152600000000001,1.11528,2440000.0572,1100000.0238,2019-07-31T12:52:21.444000Z
1038,1.1152600000000001,1.1152900000000001,2500000.0,6659999.8474,2019-07-31T12:52:21.546000Z
1039,1.1152600000000001,1.1152900000000001,1750000.0,5510000.2289,2019-07-31T12:52:22.641000Z
1040,1.1152600000000001,1.11528,1750000.0,1100000.0238,2019-07-31T12:52:24.294000Z
1041,1.1152600000000001,1.1152900000000001,1250000.0,4010000.2289,2019-07-31T12:52:25.592000Z
1042,1.11525,1.11528,7670000.0763,1100000.0238,2019-07-31T12:52:25.695000Z
1043,1.11525,1.1152900000000001,9359999.6567,6190000.0572,2019-07-31T12:52:30.540000Z
1044,1.11525,1.11528,6550000.1907,1000000.0,2019-07-31T12:52:31.245000Z
1045,1.1152600000000001,1.1152900000000001,2500000.0,3559999.9428,2019-07-31T12:52:32.776000Z
1046,1.11525,1.11528,8800000.1907,1000000.0,2019-07-31T12:52:37.054000Z
1047,1.11525,1.1152900000000001,6550000.1907,2059999.9428,2019-07-31T12:52:37.155000Z
1048,1.11525,1.11528,5050000.1907,1000000.0,2019-07-31T12:52:37.360000Z
1049,1.11525,1.1152900000000001,5050000.1907,2059999.9428,2019-07-31T12:52:37.728000Z
1050,1.1152600000000001,1.1152700000000002,1500000.0,1000000.0,2019-07-31T12:52:38.578000Z
1051,1.11522,1.11523,4389999.8665,1350000.0238,2019-07-31T12:52:38.629000Z
1052,1.11521,1.11522,1950000.0477,1000000.0,2019-07-31T12:52:38.731000Z
1053,1.11521,1.11523,1500000.0,2250000.0,2019-07-31T12:52:38.833000Z
1054,1.11521,1.11525,8220000.267,6320000.1717,2019-07-31T12:52:40.998000Z
1055,1.11521,1.11523,8640000.3433,1000000.0,2019-07-31T12:52:41.168000Z
1056,1.11521,1.11525,4510000.2289,4690000.0572,2019-07-31T12:52:43.195000Z
1057,1.1152,1.11521,3920000.0763,1000000.0,2019-07-31T12:52:43.328000Z
1058,1.11518,1.11522,4369999.8856,2950000.0477,2019-07-31T12:52:43.431000Z
1059,1.1151900000000001,1.11522,2440000.0572,2349999.9046,2019-07-31T12:52:46.653000Z
1060,1.1151900000000001,1.11522,2440000.0572,2720000.0286,2019-07-31T12:52:46.754000Z
1061,1.11518,1.11521,2619999.8856,1100000.0238,2019-07-31T12:52:48.065000Z
1062,1.1151900000000001,1.11521,1000000.0,2759999.9905,2019-07-31T12:52:48.167000Z
1063,1.11518,1.1152,2619999.8856,1409999.9666,2019-07-31T12:52:48.293000Z
1064,1.1151900000000001,1.1152,1250000.0,1100000.0238,2019-07-31T12:52:48.395000Z
1065,1.11518,1.11521,1870000.0048,1659999.9666,2019-07-31T12:52:48.496000Z
1066,1.1151700000000002,1.1152,5059999.9428,1200000.0477,2019-07-31T12:52:49.600000Z
1067,1.11518,1.1152,1000000.0,1950000.0477,2019-07-31T12:52:50.230000Z
1068,1.1151700000000002,1.11521,4309999.9428,3410000.0858,2019-07-31T12:52:50.425000Z
1069,1.1151700000000002,1.1152,4869999.8856,3289999.9619,2019-07-31T12:52:50.526000Z
1070,1.1151700000000002,1.1152,1120000.0048,2509999.9905,2019-07-31T12:52:50.679000Z
1071,1.1151700000000002,1.1151900000000001,1120000.0048,1000000.0,2019-07-31T12:52:51.112000Z
1072,1.1151700000000002,1.1151900000000001,1120000.0048,1000000.0,2019-07-31T12:52:51.314000Z
1073,1.11515,1.1151700000000002,3190000.0572,1250000.0,2019-07-31T12:52:52.714000Z
1074,1.11514,1.1151600000000002,2140000.1049,1000000.0,2019-07-31T12:52:52.766000Z
1075,1.1151200000000001,1.11513,1250000.0,1000000.0,2019-07-31T12:52:52.869000Z
1076,1.11513,1.11515,1000000.0,1250000.0,2019-07-31T12:52:52.971000Z
1077,1.1151200000000001,1.11515,6559999.9428,2500000.0,2019-07-31T12:52:53.095000Z
1078,1.11514,1.1151600000000002,1250000.0,3069999.9332,2019-07-31T12:52:53.147000Z
1079,1.11513,1.11515,2099999.9046,1000000.0,2019-07-31T12:52:53.873000Z
1080,1.11511,1.11513,1000000.0,1100000.0238,2019-07-31T12:52:54.033000Z
1081,1.1151,1.11513,1250000.0,3670000.0763,2019-07-31T12:52:54.685000Z
1082,1.1151,1.1151200000000001,3190000.0572,1000000.0,2019-07-31T12:52:55.045000Z
1083,1.1151,1.11513,2440000.0572,3069999.9332,2019-07-31T12:52:55.146000Z
1084,1.1151200000000001,1.11513,2250000.0,1570000.0525,2019-07-31T12:52:55.299000Z
1085,1.1151200000000001,1.11515,3559999.9428,2619999.8856,2019-07-31T12:52:55.401000Z
1086,1.11513,1.11515,1000000.0,2619999.8856,2019-07-31T12:52:55.452000Z
1087,1.11515,1.1151600000000002,1000000.0,2319999.9332,2019-07-31T12:52:55.604000Z
1088,1.11514,1.1151600000000002,3940000.0572,1500000.0,2019-07-31T12:52:55.707000Z
1089,1.11514,1.11515,1000000.0,1250000.0,2019-07-31T12:52:55.809000Z
1090,1.11513,1.11515,6000000.0,2140000.1049,2019-07-31T12:52:55.910000Z
1091,1.1151200000000001,1.11514,3190000.0572,1690000.0572,2019-07-31T12:52:56.963000Z
1092,1.1151,1.1151200000000001,3250000.0,2549999.9523,2019-07-31T12:52:57.066000Z
1093,1.11509,1.11511,1009999.9905,1000000.0,2019-07-31T12:52:57.117000Z
1094,1.11509,1.1151200000000001,1250000.0,1950000.0477,2019-07-31T12:52:57.269000Z
1095,1.11509,1.11511,1820000.0525,1000000.0,2019-07-31T12:52:57.416000Z
1096,1.11509,1.1151200000000001,1350000.0238,1950000.0477,2019-07-31T12:52:57.517000Z
1097,1.11509,1.11511,7889999.8665,1000000.0,2019-07-31T12:53:01.775000Z
1098,1.11509,1.1151200000000001,2789999.9619,1570000.0525,2019-07-31T12:53:01.953000Z
1099,1.11509,1.11511,5039999.9619,1000000.0,2019-07-31T12:53:02.106000Z
1100,1.11509,1.1151200000000001,2789999.9619,1500000.0,2019-07-31T12:53:02.259000Z
1101,1.11509,1.11511,4510000.2289,1000000.0,2019-07-31T12:53:03.153000Z
1102,1.11509,1.1151200000000001,2190000.0572,1570000.0525,2019-07-31T12:53:03.255000Z
1103,1.11509,1.11511,4510000.2289,1000000.0,2019-07-31T12:53:04.795000Z
1104,1.11509,1.1151200000000001,5809999.9428,1950000.0477,2019-07-31T12:53:06.594000Z
1105,1.1151200000000001,1.11513,1500000.0,1200000.0477,2019-07-31T12:53:06.746000Z
1106,1.1151200000000001,1.11514,1000000.0,1950000.0477,2019-07-31T12:53:06.848000Z
1107,1.11513,1.11515,1000000.0,4010000.2289,2019-07-31T12:53:07.051000Z
1108,1.11513,1.11515,1370000.0048,1950000.0477,2019-07-31T12:53:07.965000Z
1109,1.11515,1.1151600000000002,1000000.0,3069999.9332,2019-07-31T12:53:08.226000Z
1110,1.11514,1.1151600000000002,1690000.0572,1100000.0238,2019-07-31T12:53:08.335000Z
1111,1.1151600000000002,1.1151900000000001,3000000.0,3700000.0477,2019-07-31T12:53:08.437000Z
1112,1.1151700000000002,1.1151900000000001,1000000.0,2700000.0477,2019-07-31T12:53:08.539000Z
1113,1.1151700000000002,1.11518,1049999.9523,1000000.0,2019-07-31T12:53:08.845000Z
1114,1.1151700000000002,1.1151900000000001,1049999.9523,2700000.0477,2019-07-31T12:53:08.947000Z
1115,1.1151700000000002,1.1152,3410000.0858,2250000.0,2019-07-31T12:53:09.723000Z
1116,1.1151700000000002,1.1151900000000001,1690000.0572,2700000.0477,2019-07-31T12:53:09.851000Z
1117,1.1151700000000002,1.11518,1309999.9428,1100000.0238,2019-07-31T12:53:12.064000Z
1118,1.1151600000000002,1.1151900000000001,5000000.0,5139999.8665,2019-07-31T12:53:12.288000Z
1119,1.1151700000000002,1.1152,1000000.0,7389999.8665,2019-07-31T12:53:12.696000Z
1120,1.11518,1.1152,1000000.0,2319999.9332,2019-07-31T12:53:12.920000Z
1121,1.1151700000000002,1.1152,1000000.0,1759999.9905,2019-07-31T12:53:13.478000Z
1122,1.1151600000000002,1.1152,9409999.8474,1759999.9905,2019-07-31T12:53:13.580000Z
1123,1.1151600000000002,1.1151900000000001,12970000.267,1000000.0,2019-07-31T12:53:13.909000Z
1124,1.1151600000000002,1.1152,10720000.267,5510000.2289,2019-07-31T12:53:14.011000Z
1125,1.1151700000000002,1.1152,2250000.0,7010000.2289,2019-07-31T12:53:14.141000Z
1126,1.1151600000000002,1.1152,8470000.267,4760000.2289,2019-07-31T12:53:16.014000Z
1127,1.11518,1.1152,1500000.0,2200000.0477,2019-07-31T12:53:16.181000Z
1128,1.1151700000000002,1.1152,2740000.0095,1350000.0238,2019-07-31T12:53:16.283000Z
1129,1.1151700000000002,1.1152,9189999.5804,1100000.0238,2019-07-31T12:53:16.385000Z
1130,1.11518,1.1152,1000000.0,1250000.0,2019-07-31T12:53:16.537000Z
1131,1.1151700000000002,1.11521,4880000.1144,4449999.8093,2019-07-31T12:53:16.638000Z
1132,1.1151600000000002,1.1151900000000001,8619999.8856,1000000.0,2019-07-31T12:53:17.009000Z
1133,1.1151700000000002,1.1152,1269999.9809,1309999.9428,2019-07-31T12:53:17.110000Z
1134,1.1151700000000002,1.1152,1299999.9523,1000000.0,2019-07-31T12:53:17.662000Z
1135,1.1151700000000002,1.11521,7389999.8665,4539999.9619,2019-07-31T12:53:17.872000Z
1136,1.11518,1.1152,1500000.0,1100000.0238,2019-07-31T12:53:18.257000Z
1137,1.1151700000000002,1.1152,7309999.9428,1100000.0238,2019-07-31T12:53:19.154000Z
1138,1.11518,1.1152,1000000.0,1100000.0238,2019-07-31T12:53:19.604000Z
1139,1.1151700000000002,1.1152,10310000.4196,1100000.0238,2019-07-31T12:53:19.761000Z
1140,1.1151700000000002,1.11521,7690000.0572,4760000.2289,2019-07-31T12:53:20.443000Z
1141,1.1151700000000002,1.11521,9060000.4196,3450000.0477,2019-07-31T12:53:20.699000Z
1142,1.11518,1.11521,1250000.0,4969999.7902,2019-07-31T12:53:20.851000Z
1143,1.1151700000000002,1.11521,7449999.8093,2250000.0,2019-07-31T12:53:21.913000Z
1144,1.1151700000000002,1.1152,7570000.1717,1000000.0,2019-07-31T12:53:24.052000Z
1145,1.11518,1.1152,1120000.0048,1870000.0048,2019-07-31T12:53:24.511000Z
1146,1.1151700000000002,1.11521,6309999.9428,2140000.1049,2019-07-31T12:53:27.052000Z
1147,1.11518,1.11521,4309999.9428,4969999.7902,2019-07-31T12:53:27.153000Z
1148,1.1151700000000002,1.1152,5139999.8665,1200000.0477,2019-07-31T12:53:29.782000Z
1149,1.1151700000000002,1.11518,3750000.0,1500000.0,2019-07-31T12:53:31.245000Z
1150,1.1151600000000002,1.11518,3940000.0572,1000000.0,2019-07-31T12:53:31.346000Z
1151,1.1151700000000002,1.11518,1000000.0,1000000.0,2019-07-31T12:53:31.476000Z
1152,1.1151600000000002,1.11518,3190000.0572,1000000.0,2019-07-31T12:53:31.722000Z
1153,1.1151600000000002,1.11518,3940000.0572,1000000.0,2019-07-31T12:53:32.922000Z
1154,1.1151600000000002,1.1151900000000001,6190000.0572,2319999.9332,2019-07-31T12:53:33.024000Z
1155,1.1151600000000002,1.11518,3190000.0572,1000000.0,2019-07-31T12:53:33.126000Z
1156,1.1151700000000002,1.11518,1000000.0,1000000.0,2019-07-31T12:53:33.481000Z
1157,1.1151700000000002,1.1151900000000001,1000000.0,4199999.8093,2019-07-31T12:53:34.720000Z
1158,1.1151600000000002,1.1151900000000001,3190000.0572,1950000.0477,2019-07-31T12:53:34.881000Z
1159,1.1151700000000002,1.1151900000000001,1000000.0,5699999.8093,2019-07-31T12:53:35.533000Z
1160,1.1151600000000002,1.1151900000000001,6409999.8474,1950000.0477,2019-07-31T12:53:36.114000Z
1161,1.1151600000000002,1.11518,6409999.8474,1000000.0,2019-07-31T12:53:36.317000Z
1162,1.1151600000000002,1.1151900000000001,6409999.8474,3069999.9332,2019-07-31T12:53:36.368000Z
1163,1.1151600000000002,1.11518,5659999.8474,1000000.0,2019-07-31T12:53:37.403000Z
1164,1.1151700000000002,1.11518,1000000.0,1000000.0,2019-07-31T12:53:37.612000Z
1165,1.1151600000000002,1.11518,5659999.8474,1000000.0,2019-07-31T12:53:37.912000Z
1166,1.1151700000000002,1.11518,1000000.0,1000000.0,2019-07-31T12:53:38.014000Z
1167,1.1151600000000002,1.11518,5659999.8474,1000000.0,2019-07-31T12:53:38.164000Z
1168,1.1151700000000002,1.11518,1000000.0,1000000.0,2019-07-31T12:53:38.643000Z
1169,1.1151600000000002,1.11518,5659999.8474,1000000.0,2019-07-31T12:53:39.312000Z
1170,1.1151700000000002,1.11518,1000000.0,1000000.0,2019-07-31T12:53:40.890000Z
1171,1.1151600000000002,1.11518,5289999.9619,1000000.0,2019-07-31T12:53:41.224000Z
1172,1.1151700000000002,1.11518,1000000.0,1000000.0,2019-07-31T12:53:41.976000Z
1173,1.1151600000000002,1.1151900000000001,3190000.0572,1950000.0477,2019-07-31T12:53:42.143000Z
1174,1.1151700000000002,1.1151900000000001,1000000.0,2700000.0477,2019-07-31T12:53:43.694000Z
1175,1.1151600000000002,1.1151900000000001,3190000.0572,3450000.0477,2019-07-31T12:53:45.741000Z
1176,1.1151600000000002,1.11518,1000000.0,1570000.0525,2019-07-31T12:53:47.554000Z
1177,1.11515,1.1151700000000002,3750000.0,1500000.0,2019-07-31T12:53:47.605000Z
1178,1.11515,1.1151600000000002,1000000.0,1500000.0,2019-07-31T12:53:47.707000Z
1179,1.11515,1.1151700000000002,1690000.0572,2890000.1049,2019-07-31T12:53:49.674000Z
1180,1.11515,1.1151600000000002,2440000.0572,1500000.0,2019-07-31T12:53:49.776000Z
1181,1.11515,1.1151700000000002,1690000.0572,1759999.9905,2019-07-31T12:53:49.878000Z
1182,1.11514,1.1151600000000002,9189999.5804,1000000.0,2019-07-31T12:53:49.929000Z
1183,1.11515,1.1151600000000002,1690000.0572,1000000.0,2019-07-31T12:53:50.549000Z
1184,1.11515,1.1151700000000002,1250000.0,1389999.9857,2019-07-31T12:53:52.278000Z
1185,1.11514,1.1151600000000002,2869999.8856,1000000.0,2019-07-31T12:53:55.714000Z
1186,1.11514,1.1151700000000002,3619999.8856,2509999.9905,2019-07-31T12:53:56.335000Z
1187,1.1151600000000002,1.11518,1000000.0,4969999.7902,2019-07-31T12:53:57.173000Z
1188,1.11515,1.11518,2440000.0572,4349999.9046,2019-07-31T12:53:57.275000Z
1189,1.11514,1.1151700000000002,3039999.9619,1600000.0238,2019-07-31T12:53:57.427000Z
1190,1.11514,1.1151700000000002,3039999.9619,1100000.0238,2019-07-31T12:53:57.529000Z
1191,1.11514,1.1151600000000002,2099999.9046,1000000.0,2019-07-31T12:53:57.765000Z
1192,1.11513,1.11515,2440000.0572,1100000.0238,2019-07-31T12:53:57.868000Z
1193,1.11513,1.11515,2440000.0572,1600000.0238,2019-07-31T12:53:57.970000Z
1194,1.11513,1.11515,2440000.0572,1100000.0238,2019-07-31T12:53:58.072000Z
1195,1.11513,1.11514,1250000.0,1500000.0,2019-07-31T12:53:58.383000Z
1196,1.11513,1.11515,2440000.0572,1950000.0477,2019-07-31T12:53:58.963000Z
1197,1.11513,1.1151600000000002,1250000.0,1200000.0477,2019-07-31T12:53:59.208000Z
1198,1.11513,1.1151600000000002,1250000.0,1600000.0238,2019-07-31T12:54:00.566000Z
1199,1.11514,1.1151600000000002,1000000.0,3069999.9332,2019-07-31T12:54:00.719000Z
1200,1.11513,1.11514,4869999.8856,1000000.0,2019-07-31T12:54:01.977000Z
1201,1.1151200000000001,1.11515,10689999.5804,1200000.0477,2019-07-31T12:54:02.088000Z
1202,1.11513,1.11514,4690000.0572,2250000.0,2019-07-31T12:54:03.214000Z
1203,1.1151200000000001,1.11513,3000000.0,1000000.0,2019-07-31T12:54:03.316000Z
1204,1.1151200000000001,1.11514,1000000.0,7349999.9046,2019-07-31T12:54:03.418000Z
1205,1.1151200000000001,1.11514,6750000.0,1000000.0,2019-07-31T12:54:03.570000Z
1206,1.1151200000000001,1.11515,3250000.0,1570000.0525,2019-07-31T12:54:03.773000Z
1207,1.11513,1.1151600000000002,4369999.8856,10949999.8093,2019-07-31T12:54:03.910000Z
1208,1.11513,1.1151600000000002,1250000.0,3450000.0477,2019-07-31T12:54:05.407000Z
1209,1.1151600000000002,1.1151700000000002,1000000.0,2140000.1049,2019-07-31T12:54:09.228000Z
1210,1.1151700000000002,1.1151900000000001,1000000.0,9109999.6567,2019-07-31T12:54:09.280000Z
1211,1.1151600000000002,1.11518,1350000.0238,1200000.0477,2019-07-31T12:54:09.331000Z
1212,1.1151600000000002,1.11518,4349999.9046,1220000.0286,2019-07-31T12:54:09.484000Z
1213,1.1151700000000002,1.11518,1000000.0,1200000.0477,2019-07-31T12:54:09.636000Z
1214,1.1151600000000002,1.11518,2099999.9046,1220000.0286,2019-07-31T12:54:09.859000Z
1215,1.1151600000000002,1.1151900000000001,4869999.8856,1389999.9857,2019-07-31T12:54:10.527000Z
1216,1.1151600000000002,1.1151900000000001,5119999.8856,1009999.9905,2019-07-31T12:54:10.643000Z
1217,1.11518,1.1151900000000001,1000000.0,1000000.0,2019-07-31T12:54:10.877000Z
1218,1.1151700000000002,1.1151900000000001,9409999.8474,1000000.0,2019-07-31T12:54:10.979000Z
1219,1.11518,1.1151900000000001,1500000.0,1000000.0,2019-07-31T12:54:11.787000Z
1220,1.1151700000000002,1.1151900000000001,10159999.8474,1000000.0,2019-07-31T12:54:11.888000Z
1221,1.1151700000000002,1.1151900000000001,10979999.5422,1000000.0,2019-07-31T12:54:12.193000Z
1222,1.1151700000000002,1.11521,10979999.5422,3069999.9332,2019-07-31T12:54:13.525000Z
1223,1.11518,1.1152,1250000.0,1970000.0286,2019-07-31T12:54:16.424000Z
1224,1.1151700000000002,1.1151900000000001,6599999.9046,1100000.0238,2019-07-31T12:54:18.500000Z
1225,1.1151700000000002,1.11518,2250000.0,1000000.0,2019-07-31T12:54:18.602000Z
1226,1.1151600000000002,1.1151900000000001,3190000.0572,1200000.0477,2019-07-31T12:54:19.010000Z
1227,1.1151700000000002,1.1151900000000001,1500000.0,1950000.0477,2019-07-31T12:54:19.238000Z
1228,1.1151700000000002,1.1151900000000001,1250000.0,1600000.0238,2019-07-31T12:54:19.705000Z
1229,1.1151700000000002,1.1151900000000001,1690000.0572,1000000.0,2019-07-31T12:54:19.807000Z
1230,1.11518,1.1151900000000001,1000000.0,1100000.0238,2019-07-31T12:54:27.136000Z
1231,1.11518,1.1152,1000000.0,1200000.0477,2019-07-31T12:54:27.423000Z
1232,1.1151700000000002,1.11521,6940000.0572,4539999.9619,2019-07-31T12:54:27.635000Z
1233,1.11518,1.11521,1000000.0,6789999.9619,2019-07-31T12:54:28.126000Z
1234,1.1151700000000002,1.11521,6940000.0572,4539999.9619,2019-07-31T12:54:29.534000Z
1235,1.11518,1.1152,1500000.0,1200000.0477,2019-07-31T12:54:29.686000Z
1236,1.1151700000000002,1.11521,6940000.0572,3789999.9619,2019-07-31T12:54:30.375000Z
1237,1.11518,1.11521,1000000.0,6039999.9619,2019-07-31T12:54:30.578000Z
1238,1.1151700000000002,1.11521,8439999.5804,3789999.9619,2019-07-31T12:54:30.680000Z
1239,1.11518,1.1152,2250000.0,1200000.0477,2019-07-31T12:54:34.085000Z
1240,1.1151700000000002,1.11521,8439999.5804,3789999.9619,2019-07-31T12:54:34.658000Z
1241,1.1151900000000001,1.11521,1000000.0,3289999.9619,2019-07-31T12:54:34.760000Z
1242,1.1152,1.11522,4119999.8856,3849999.9046,2019-07-31T12:54:34.862000Z
1243,1.1152,1.11523,5309999.9428,3789999.9619,2019-07-31T12:54:34.978000Z
1244,1.1151900000000001,1.11522,2289999.9619,1049999.9523,2019-07-31T12:54:35.030000Z
1245,1.1151900000000001,1.11523,2059999.9428,5289999.9619,2019-07-31T12:54:35.132000Z
1246,1.1151900000000001,1.11522,4309999.9428,4219999.7902,2019-07-31T12:54:38.303000Z
1247,1.1151900000000001,1.11522,3190000.0572,1950000.0477,2019-07-31T12:54:38.406000Z
1248,1.1151900000000001,1.11523,3789999.9619,8510000.2289,2019-07-31T12:54:44.934000Z
1249,1.1151900000000001,1.11523,3789999.9619,8510000.2289,2019-07-31T12:54:45.048000Z
1250,1.1151900000000001,1.11522,2660000.0858,1100000.0238,2019-07-31T12:54:46.141000Z
1251,1.1151900000000001,1.11522,5289999.9619,3450000.0477,2019-07-31T12:54:46.470000Z
1252,1.1151900000000001,1.11521,3789999.9619,1000000.0,2019-07-31T12:54:46.660000Z
1253,1.11518,1.11521,2849999.9046,2740000.0095,2019-07-31T12:54:47.194000Z
1254,1.11518,1.11521,1350000.0238,4010000.2289,2019-07-31T12:54:47.245000Z
1255,1.11518,1.11521,2289999.9619,2319999.9332,2019-07-31T12:54:47.351000Z
1256,1.11518,1.11522,5940000.0572,8140000.3433,2019-07-31T12:54:47.775000Z
1257,1.11518,1.11522,5190000.0572,4389999.8665,2019-07-31T12:54:47.877000Z
1258,1.1151900000000001,1.11522,2619999.8856,5889999.8665,2019-07-31T12:54:47.979000Z
1259,1.1151900000000001,1.11522,1000000.0,3039999.9619,2019-07-31T12:54:49.340000Z
1260,1.1151900000000001,1.11522,5369999.8856,3789999.9619,2019-07-31T12:54:49.442000Z
1261,1.1151900000000001,1.11522,2059999.9428,1970000.0286,2019-07-31T12:54:50.054000Z
1262,1.1151900000000001,1.11522,2059999.9428,1570000.0525,2019-07-31T12:54:50.156000Z
1263,1.1151900000000001,1.11522,3500000.0,1759999.9905,2019-07-31T12:54:50.360000Z
1264,1.1151900000000001,1.11522,1500000.0,1389999.9857,2019-07-31T12:54:50.461000Z
1265,1.1151900000000001,1.11521,2000000.0,1100000.0238,2019-07-31T12:54:51.288000Z
1266,1.11518,1.11522,8289999.9619,2160000.0858,2019-07-31T12:54:51.389000Z
1267,1.11518,1.11522,8289999.9619,2140000.1049,2019-07-31T12:54:51.801000Z
1268,1.11518,1.11522,8289999.9619,2160000.0858,2019-07-31T12:54:52.300000Z
1269,1.11518,1.11522,7159999.8474,2140000.1049,2019-07-31T12:54:52.684000Z
1270,1.11518,1.11522,7909999.8474,2289999.9619,2019-07-31T12:54:53.666000Z
1271,1.11518,1.11522,7539999.9619,2289999.9619,2019-07-31T12:54:53.874000Z
1272,1.1151900000000001,1.11522,1500000.0,3640000.1049,2019-07-31T12:54:54.078000Z
1273,1.11518,1.11522,7159999.8474,2289999.9619,2019-07-31T12:54:54.180000Z
1274,1.1151900000000001,1.11522,2250000.0,3789999.9619,2019-07-31T12:54:54.326000Z
1275,1.11518,1.11522,6489999.7711,2289999.9619,2019-07-31T12:54:54.427000Z
1276,1.1151900000000001,1.1152,1000000.0,1250000.0,2019-07-31T12:54:54.580000Z
1277,1.1151700000000002,1.1152,5809999.9428,4449999.8093,2019-07-31T12:54:54.682000Z
1278,1.11518,1.1152,1690000.0572,1350000.0238,2019-07-31T12:54:57.176000Z
1279,1.11518,1.11521,1250000.0,7070000.1717,2019-07-31T12:54:57.277000Z
1280,1.1151600000000002,1.1152,16600000.3815,2950000.0477,2019-07-31T12:54:57.379000Z
1281,1.1151900000000001,1.1152,1000000.0,1389999.9857,2019-07-31T12:55:00.102000Z
1282,1.11518,1.11521,3039999.9619,4570000.1717,2019-07-31T12:55:00.205000Z
1283,1.1151900000000001,1.11521,1500000.0,1600000.0238,2019-07-31T12:55:00.328000Z
1284,1.11518,1.11521,4539999.9619,1600000.0238,2019-07-31T12:55:00.867000Z
1285,1.11518,1.1151900000000001,1500000.0,1009999.9905,2019-07-31T12:55:00.988000Z
1286,1.1151700000000002,1.1152,7539999.9619,4070000.1717,2019-07-31T12:55:02.657000Z
1287,1.11518,1.1152,1500000.0,2349999.9046,2019-07-31T12:55:05.168000Z
1288,1.11518,1.1152,1250000.0,1570000.0525,2019-07-31T12:55:06.260000Z
1289,1.1151900000000001,1.11522,3599999.9046,5139999.8665,2019-07-31T12:55:06.362000Z
1290,1.11518,1.11522,4159999.8474,7159999.8474,2019-07-31T12:55:09.597000Z
1291,1.1151900000000001,1.11522,1000000.0,9789999.9619,2019-07-31T12:55:09.749000Z
1292,1.1151900000000001,1.11521,1000000.0,3450000.0477,2019-07-31T12:55:11.473000Z
1293,1.1151900000000001,1.11521,1000000.0,1200000.0477,2019-07-31T12:55:14.066000Z
1294,1.11518,1.11521,1250000.0,2099999.9046,2019-07-31T12:55:19.653000Z
1295,1.11518,1.11521,1690000.0572,2470000.0286,2019-07-31T12:55:19.889000Z
1296,1.1151900000000001,1.11521,1000000.0,2700000.0477,2019-07-31T12:55:19.991000Z
1297,1.11518,1.11521,5440000.0572,2700000.0477,2019-07-31T12:55:20.042000Z
1298,1.11518,1.11521,1250000.0,1220000.0286,2019-07-31T12:55:21.131000Z
1299,1.11518,1.11521,2849999.9046,5360000.1335,2019-07-31T12:55:23.337000Z
1300,1.11518,1.11521,1690000.0572,1100000.0238,2019-07-31T12:55:23.388000Z
