,bid,ask,bid_vol,ask_vol,time
0,1.1163,1.1163100000000001,750000.0,259999.9905,2019-10-31T12:45:00.160000Z
1,1.1163,1.1163200000000002,1500000.0,449999.9881,2019-10-31T12:45:00.282000Z
2,1.1163100000000001,1.1163200000000002,750000.0,370000.0048,2019-10-31T12:45:00.383000Z
3,1.1163,1.1163200000000002,750000.0,370000.0048,2019-10-31T12:45:00.586000Z
4,1.11629,1.1163200000000002,1120000.0048,3559999.9428,2019-10-31T12:45:00.687000Z
5,1.1163,1.1163200000000002,1500000.0,189999.9976,2019-10-31T12:45:00.789000Z
6,1.11629,1.1163200000000002,1500000.0,2440000.0572,2019-10-31T12:45:01.489000Z
7,1.11629,1.1163100000000001,750000.0,1690000.0572,2019-10-31T12:45:01.591000Z
8,1.11628,1.1163,1120000.0048,100000.0015,2019-10-31T12:45:01.727000Z
9,1.1163100000000001,1.1163200000000002,1690000.0572,1500000.0,2019-10-31T12:45:02.462000Z
10,1.1163200000000002,1.11634,3369999.8856,3450000.0477,2019-10-31T12:45:02.559000Z
11,1.11634,1.11635,2250000.0,189999.9976,2019-10-31T12:45:02.609000Z
12,1.11634,1.11636,1500000.0,1690000.0572,2019-10-31T12:45:02.711000Z
13,1.11634,1.11635,750000.0,100000.0015,2019-10-31T12:45:03.687000Z
14,1.11633,1.11635,1500000.0,100000.0015,2019-10-31T12:45:03.789000Z
15,1.11633,1.11636,1500000.0,3640000.1049,2019-10-31T12:45:03.891000Z
16,1.11633,1.11635,750000.0,750000.0,2019-10-31T12:45:04.610000Z
17,1.11633,1.11634,750000.0,750000.0,2019-10-31T12:45:05.119000Z
18,1.1163100000000001,1.1163200000000002,1500000.0,1870000.0048,2019-10-31T12:45:05.235000Z
19,1.1163200000000002,1.11634,750000.0,2250000.0,2019-10-31T12:45:05.338000Z
20,1.11633,1.11635,2250000.0,370000.0048,2019-10-31T12:45:05.389000Z
21,1.11633,1.11636,750000.0,1690000.0572,2019-10-31T12:45:05.795000Z
22,1.11633,1.11635,2250000.0,100000.0015,2019-10-31T12:45:06.242000Z
23,1.11634,1.11635,750000.0,189999.9976,2019-10-31T12:45:07.836000Z
24,1.11634,1.11637,750000.0,2140000.1049,2019-10-31T12:45:07.887000Z
25,1.11635,1.11637,1870000.0048,750000.0,2019-10-31T12:45:08.031000Z
26,1.11636,1.11638,1500000.0,819999.9928,2019-10-31T12:45:08.134000Z
27,1.11637,1.11639,750000.0,2700000.0477,2019-10-31T12:45:08.186000Z
28,1.11638,1.1164,750000.0,639999.9857,2019-10-31T12:45:08.287000Z
29,1.11639,1.1164,750000.0,560000.0024,2019-10-31T12:45:08.389000Z
30,1.11639,1.1164100000000001,1509999.9905,750000.0,2019-10-31T12:45:09.428000Z
31,1.11639,1.1164200000000002,759999.9905,3960000.0381,2019-10-31T12:45:09.530000Z
32,1.11638,1.1164100000000001,3000000.0,1500000.0,2019-10-31T12:45:09.683000Z
33,1.11639,1.1164100000000001,100000.0015,1500000.0,2019-10-31T12:45:09.785000Z
34,1.11638,1.1164100000000001,3000000.0,1500000.0,2019-10-31T12:45:09.887000Z
35,1.1164,1.1164200000000002,1870000.0048,750000.0,2019-10-31T12:45:10.399000Z
36,1.1164,1.11643,819999.9928,1950000.0477,2019-10-31T12:45:10.501000Z
37,1.1164,1.1164200000000002,819999.9928,2059999.9428,2019-10-31T12:45:10.604000Z
38,1.11639,1.1164100000000001,750000.0,259999.9905,2019-10-31T12:45:10.706000Z
39,1.11638,1.1164100000000001,1870000.0048,189999.9976,2019-10-31T12:45:10.807000Z
40,1.1164,1.1164200000000002,750000.0,449999.9881,2019-10-31T12:45:10.960000Z
41,1.11639,1.1164200000000002,1690000.0572,189999.9976,2019-10-31T12:45:11.216000Z
42,1.11639,1.1164100000000001,1009999.9905,750000.0,2019-10-31T12:45:12.267000Z
43,1.11639,1.1164,1500000.0,750000.0,2019-10-31T12:45:12.551000Z
44,1.11637,1.1164,5139999.8665,750000.0,2019-10-31T12:45:12.603000Z
45,1.11637,1.11639,2319999.9332,750000.0,2019-10-31T12:45:12.705000Z
46,1.11635,1.11637,7760000.2289,750000.0,2019-10-31T12:45:12.756000Z
47,1.11636,1.11637,100000.0015,1500000.0,2019-10-31T12:45:12.915000Z
48,1.11634,1.11636,100000.0015,1500000.0,2019-10-31T12:45:12.966000Z
49,1.1163200000000002,1.11633,3750000.0,1500000.0,2019-10-31T12:45:13.017000Z
50,1.1163100000000001,1.11633,3559999.9428,750000.0,2019-10-31T12:45:13.119000Z
51,1.11634,1.11635,560000.0024,1120000.0048,2019-10-31T12:45:14.135000Z
52,1.11637,1.11638,750000.0,750000.0,2019-10-31T12:45:14.186000Z
53,1.11637,1.11638,1500000.0,750000.0,2019-10-31T12:45:14.288000Z
54,1.11635,1.11637,1740000.0095,100000.0015,2019-10-31T12:45:14.390000Z
55,1.11634,1.11636,1500000.0,1500000.0,2019-10-31T12:45:14.492000Z
56,1.11633,1.11634,370000.0048,1500000.0,2019-10-31T12:45:14.594000Z
57,1.1163200000000002,1.11634,449999.9881,2619999.8856,2019-10-31T12:45:14.715000Z
58,1.1163100000000001,1.1163200000000002,750000.0,750000.0,2019-10-31T12:45:14.817000Z
59,1.1163,1.1163200000000002,1120000.0048,3000000.0,2019-10-31T12:45:16.290000Z
60,1.1163,1.11633,370000.0048,2700000.0477,2019-10-31T12:45:17.016000Z
61,1.11629,1.1163100000000001,1500000.0,750000.0,2019-10-31T12:45:17.219000Z
62,1.11629,1.1163100000000001,750000.0,2059999.9428,2019-10-31T12:45:19.404000Z
63,1.11627,1.11628,449999.9881,2250000.0,2019-10-31T12:45:19.455000Z
64,1.11626,1.11627,1120000.0048,750000.0,2019-10-31T12:45:19.557000Z
65,1.11626,1.11628,1120000.0048,3259999.9905,2019-10-31T12:45:19.733000Z
66,1.11626,1.11627,1120000.0048,750000.0,2019-10-31T12:45:21.354000Z
67,1.11627,1.11628,2250000.0,750000.0,2019-10-31T12:45:23.491000Z
68,1.11627,1.11629,2250000.0,750000.0,2019-10-31T12:45:23.593000Z
69,1.11628,1.11629,750000.0,750000.0,2019-10-31T12:45:23.899000Z
70,1.11629,1.1163100000000001,1500000.0,939999.9976,2019-10-31T12:45:24Z
71,1.11628,1.1163100000000001,750000.0,939999.9976,2019-10-31T12:45:24.202000Z
72,1.11628,1.1163,1120000.0048,750000.0,2019-10-31T12:45:25.362000Z
73,1.11628,1.1163100000000001,1500000.0,1690000.0572,2019-10-31T12:45:26.250000Z
74,1.11628,1.1163,750000.0,750000.0,2019-10-31T12:45:27.376000Z
75,1.11629,1.1163,750000.0,750000.0,2019-10-31T12:45:28.338000Z
76,1.11627,1.1163,3190000.0572,750000.0,2019-10-31T12:45:28.694000Z
77,1.11627,1.11629,3190000.0572,750000.0,2019-10-31T12:45:28.796000Z
78,1.11627,1.1163,3369999.8856,189999.9976,2019-10-31T12:45:29.425000Z
79,1.11628,1.1163,370000.0048,560000.0024,2019-10-31T12:45:29.528000Z
80,1.11628,1.11629,1500000.0,370000.0048,2019-10-31T12:45:29.629000Z
81,1.11627,1.11629,3369999.8856,370000.0048,2019-10-31T12:45:29.731000Z
82,1.11627,1.1163,3000000.0,1690000.0572,2019-10-31T12:45:30.331000Z
83,1.11627,1.1163100000000001,3750000.0,1389999.9857,2019-10-31T12:45:30.433000Z
84,1.11628,1.1163100000000001,750000.0,560000.0024,2019-10-31T12:45:30.534000Z
85,1.11627,1.11629,1500000.0,189999.9976,2019-10-31T12:45:31.212000Z
86,1.11627,1.1163,1570000.0525,259999.9905,2019-10-31T12:45:31.340000Z
87,1.11627,1.11629,3750000.0,750000.0,2019-10-31T12:45:32.907000Z
88,1.11626,1.11627,750000.0,750000.0,2019-10-31T12:45:33.008000Z
89,1.11625,1.11627,1500000.0,1500000.0,2019-10-31T12:45:33.109000Z
90,1.11626,1.11628,750000.0,750000.0,2019-10-31T12:45:35.408000Z
91,1.11627,1.1163,1950000.0477,2509999.9905,2019-10-31T12:45:35.509000Z
92,1.11627,1.11629,3369999.8856,819999.9928,2019-10-31T12:45:35.611000Z
93,1.11628,1.11629,1500000.0,1120000.0048,2019-10-31T12:45:35.866000Z
94,1.11627,1.1163100000000001,4199999.8093,1690000.0572,2019-10-31T12:45:35.917000Z
95,1.11627,1.1163,4199999.8093,100000.0015,2019-10-31T12:45:36.169000Z
96,1.11627,1.1163100000000001,4949999.8093,1690000.0572,2019-10-31T12:45:36.620000Z
97,1.11627,1.1163,6449999.8093,100000.0015,2019-10-31T12:45:37.107000Z
98,1.11627,1.1163100000000001,6369999.8856,3259999.9905,2019-10-31T12:45:37.505000Z
99,1.11627,1.11629,750000.0,370000.0048,2019-10-31T12:45:38.584000Z
100,1.11626,1.11628,1570000.0525,1690000.0572,2019-10-31T12:45:40.105000Z
101,1.11625,1.11628,939999.9976,2619999.8856,2019-10-31T12:45:41.238000Z
102,1.11625,1.11627,2250000.0,189999.9976,2019-10-31T12:45:43.541000Z
103,1.11626,1.11627,750000.0,939999.9976,2019-10-31T12:45:52.293000Z
104,1.11627,1.11629,750000.0,1759999.9905,2019-10-31T12:45:54.276000Z
105,1.11626,1.11629,1570000.0525,1570000.0525,2019-10-31T12:45:54.377000Z
106,1.11626,1.11628,1500000.0,750000.0,2019-10-31T12:45:54.479000Z
107,1.11627,1.11629,1500000.0,3000000.0,2019-10-31T12:45:54.582000Z
108,1.11628,1.11629,750000.0,750000.0,2019-10-31T12:45:54.684000Z
109,1.11628,1.1163,2250000.0,1500000.0,2019-10-31T12:45:54.837000Z
110,1.11628,1.11629,1500000.0,189999.9976,2019-10-31T12:45:55.035000Z
111,1.11628,1.1163,1500000.0,1309999.9428,2019-10-31T12:45:55.136000Z
112,1.11628,1.1163100000000001,750000.0,560000.0024,2019-10-31T12:45:55.238000Z
113,1.11628,1.1163,750000.0,259999.9905,2019-10-31T12:45:55.340000Z
114,1.11628,1.1163100000000001,750000.0,939999.9976,2019-10-31T12:45:57.081000Z
115,1.1163,1.1163200000000002,939999.9976,6769999.9809,2019-10-31T12:45:58.106000Z
116,1.1163200000000002,1.11633,1120000.0048,1120000.0048,2019-10-31T12:45:58.159000Z
117,1.1163200000000002,1.11634,1120000.0048,560000.0024,2019-10-31T12:45:58.260000Z
118,1.1163200000000002,1.11633,1120000.0048,189999.9976,2019-10-31T12:45:58.361000Z
119,1.1163200000000002,1.11635,1200000.0477,1570000.0525,2019-10-31T12:45:58.669000Z
120,1.11633,1.11635,1120000.0048,639999.9857,2019-10-31T12:45:58.787000Z
121,1.11633,1.11636,370000.0048,4010000.2289,2019-10-31T12:45:58.889000Z
122,1.1163200000000002,1.11635,4949999.8093,370000.0048,2019-10-31T12:45:58.991000Z
123,1.11633,1.11635,2250000.0,189999.9976,2019-10-31T12:45:59.454000Z
124,1.1163200000000002,1.11634,3819999.9332,750000.0,2019-10-31T12:45:59.757000Z
125,1.1163,1.1163200000000002,2440000.0572,1500000.0,2019-10-31T12:45:59.808000Z
126,1.11629,1.1163100000000001,1570000.0525,750000.0,2019-10-31T12:45:59.910000Z
127,1.11629,1.1163,750000.0,189999.9976,2019-10-31T12:46:00.042000Z
128,1.1163,1.1163200000000002,1500000.0,4119999.8856,2019-10-31T12:46:00.565000Z
129,1.11628,1.1163200000000002,4570000.1717,4230000.0191,2019-10-31T12:46:00.666000Z
130,1.11628,1.1163100000000001,2250000.0,750000.0,2019-10-31T12:46:01.176000Z
131,1.11627,1.1163100000000001,4760000.2289,2250000.0,2019-10-31T12:46:01.294000Z
132,1.11627,1.1163,5440000.0572,189999.9976,2019-10-31T12:46:01.395000Z
133,1.11626,1.11628,3940000.0572,750000.0,2019-10-31T12:46:01.599000Z
134,1.11627,1.11628,189999.9976,750000.0,2019-10-31T12:46:03.056000Z
135,1.11626,1.11628,2890000.1049,750000.0,2019-10-31T12:46:03.263000Z
136,1.11626,1.11629,2890000.1049,370000.0048,2019-10-31T12:46:03.976000Z
137,1.11627,1.11629,100000.0015,1120000.0048,2019-10-31T12:46:04.292000Z
138,1.11627,1.1163,819999.9928,3190000.0572,2019-10-31T12:46:04.987000Z
139,1.11628,1.1163,100000.0015,2619999.8856,2019-10-31T12:46:05.719000Z
140,1.11627,1.1163,4389999.8665,1120000.0048,2019-10-31T12:46:06.139000Z
141,1.11628,1.1163,189999.9976,939999.9976,2019-10-31T12:46:06.392000Z
142,1.11627,1.1163,1570000.0525,1309999.9428,2019-10-31T12:46:06.594000Z
143,1.11628,1.1163,189999.9976,939999.9976,2019-10-31T12:46:06.837000Z
144,1.11628,1.11629,939999.9976,750000.0,2019-10-31T12:46:11.620000Z
145,1.11628,1.1163,750000.0,1500000.0,2019-10-31T12:46:12.004000Z
146,1.11627,1.11629,1759999.9905,370000.0048,2019-10-31T12:46:12.107000Z
147,1.11626,1.11628,1570000.0525,1120000.0048,2019-10-31T12:46:12.670000Z
148,1.11626,1.11628,370000.0048,1120000.0048,2019-10-31T12:46:12.771000Z
149,1.11625,1.11627,1759999.9905,750000.0,2019-10-31T12:46:12.873000Z
150,1.1162400000000001,1.11625,100000.0015,370000.0048,2019-10-31T12:46:12.974000Z
151,1.11623,1.11626,3069999.9332,1120000.0048,2019-10-31T12:46:13.075000Z
152,1.1162400000000001,1.11626,449999.9881,1120000.0048,2019-10-31T12:46:13.177000Z
153,1.11625,1.11627,100000.0015,1120000.0048,2019-10-31T12:46:13.295000Z
154,1.11627,1.11629,1500000.0,1690000.0572,2019-10-31T12:46:13.450000Z
155,1.11627,1.1163,2700000.0477,750000.0,2019-10-31T12:46:13.602000Z
156,1.11629,1.1163,750000.0,750000.0,2019-10-31T12:46:13.704000Z
157,1.11628,1.11629,1500000.0,370000.0048,2019-10-31T12:46:15.461000Z
158,1.11627,1.11629,1950000.0477,370000.0048,2019-10-31T12:46:15.562000Z
159,1.11626,1.11629,1200000.0477,5059999.9428,2019-10-31T12:46:16.872000Z
160,1.11626,1.11628,1200000.0477,740000.0095,2019-10-31T12:46:16.923000Z
161,1.11626,1.11628,819999.9928,370000.0048,2019-10-31T12:46:17.083000Z
162,1.11627,1.11629,1690000.0572,1120000.0048,2019-10-31T12:46:17.185000Z
163,1.11628,1.11629,819999.9928,370000.0048,2019-10-31T12:46:17.287000Z
164,1.11628,1.1163,750000.0,939999.9976,2019-10-31T12:46:18.176000Z
165,1.11627,1.1163,3640000.1049,1690000.0572,2019-10-31T12:46:20.877000Z
166,1.11628,1.1163,449999.9881,750000.0,2019-10-31T12:46:23.674000Z
167,1.1163,1.1163200000000002,189999.9976,1500000.0,2019-10-31T12:46:23.776000Z
168,1.1163100000000001,1.1163200000000002,1500000.0,1120000.0048,2019-10-31T12:46:24.677000Z
169,1.1163200000000002,1.11633,750000.0,1120000.0048,2019-10-31T12:46:24.880000Z
170,1.1163200000000002,1.11634,750000.0,1870000.0048,2019-10-31T12:46:24.981000Z
171,1.1163100000000001,1.11634,259999.9905,2619999.8856,2019-10-31T12:46:25.963000Z
172,1.1163,1.11633,4389999.8665,370000.0048,2019-10-31T12:46:26.065000Z
173,1.1163200000000002,1.11633,1500000.0,1120000.0048,2019-10-31T12:46:26.167000Z
174,1.1163200000000002,1.11634,1500000.0,1120000.0048,2019-10-31T12:46:26.319000Z
175,1.1163100000000001,1.11633,819999.9928,2440000.0572,2019-10-31T12:46:27.311000Z
176,1.1163,1.1163200000000002,1220000.0286,2809999.9428,2019-10-31T12:46:27.412000Z
177,1.11629,1.1163,3000000.0,370000.0048,2019-10-31T12:46:27.526000Z
178,1.11629,1.1163100000000001,3000000.0,1309999.9428,2019-10-31T12:46:27.628000Z
179,1.1163,1.1163100000000001,100000.0015,370000.0048,2019-10-31T12:46:27.730000Z
180,1.11629,1.1163100000000001,3450000.0477,370000.0048,2019-10-31T12:46:27.926000Z
181,1.11629,1.1163200000000002,3069999.9332,4309999.9428,2019-10-31T12:46:28.352000Z
182,1.1163,1.1163200000000002,819999.9928,2059999.9428,2019-10-31T12:46:28.459000Z
183,1.11629,1.1163100000000001,100000.0015,1309999.9428,2019-10-31T12:46:29.080000Z
184,1.11628,1.1163,449999.9881,3750000.0,2019-10-31T12:46:29.182000Z
185,1.11626,1.11628,2140000.1049,750000.0,2019-10-31T12:46:29.294000Z
186,1.11626,1.11627,1200000.0477,750000.0,2019-10-31T12:46:29.397000Z
187,1.11625,1.11627,2140000.1049,1500000.0,2019-10-31T12:46:29.449000Z
188,1.11627,1.11628,100000.0015,750000.0,2019-10-31T12:46:29.601000Z
189,1.11626,1.11629,3819999.9332,1120000.0048,2019-10-31T12:46:29.702000Z
190,1.11628,1.11629,100000.0015,1120000.0048,2019-10-31T12:46:29.874000Z
191,1.11627,1.11629,1200000.0477,750000.0,2019-10-31T12:46:29.986000Z
192,1.11627,1.1163,1570000.0525,1120000.0048,2019-10-31T12:46:30.087000Z
193,1.11628,1.1163,2250000.0,189999.9976,2019-10-31T12:46:30.239000Z
194,1.11628,1.1163100000000001,4199999.8093,1120000.0048,2019-10-31T12:46:30.341000Z
195,1.11629,1.1163100000000001,370000.0048,370000.0048,2019-10-31T12:46:30.544000Z
196,1.1163100000000001,1.1163200000000002,1500000.0,750000.0,2019-10-31T12:46:33.422000Z
197,1.1163100000000001,1.11633,1500000.0,1690000.0572,2019-10-31T12:46:33.556000Z
198,1.1163100000000001,1.1163200000000002,100000.0015,750000.0,2019-10-31T12:46:34.425000Z
199,1.11629,1.1163200000000002,5139999.8665,2619999.8856,2019-10-31T12:46:34.524000Z
200,1.1163,1.1163200000000002,100000.0015,3369999.8856,2019-10-31T12:46:34.625000Z
201,1.1163100000000001,1.1163200000000002,1570000.0525,750000.0,2019-10-31T12:46:35.041000Z
202,1.1163100000000001,1.11633,3450000.0477,370000.0048,2019-10-31T12:46:35.143000Z
203,1.1163200000000002,1.11633,750000.0,370000.0048,2019-10-31T12:46:35.244000Z
204,1.1163100000000001,1.11633,2509999.9905,1120000.0048,2019-10-31T12:46:35.425000Z
205,1.1163100000000001,1.11634,3640000.1049,1870000.0048,2019-10-31T12:46:36.014000Z
206,1.1163200000000002,1.11634,100000.0015,1870000.0048,2019-10-31T12:46:36.178000Z
207,1.1163100000000001,1.11634,4199999.8093,1870000.0048,2019-10-31T12:46:37.913000Z
208,1.1163100000000001,1.11633,3259999.9905,750000.0,2019-10-31T12:46:38.938000Z
209,1.11633,1.11634,100000.0015,1120000.0048,2019-10-31T12:46:38.989000Z
210,1.1163200000000002,1.11634,4199999.8093,750000.0,2019-10-31T12:46:41.170000Z
211,1.1163200000000002,1.11635,4199999.8093,2619999.8856,2019-10-31T12:46:41.353000Z
212,1.11633,1.11635,750000.0,3000000.0,2019-10-31T12:46:44.385000Z
213,1.11633,1.11634,750000.0,370000.0048,2019-10-31T12:46:44.970000Z
214,1.11633,1.11635,750000.0,3000000.0,2019-10-31T12:46:46.094000Z
215,1.1163100000000001,1.1163200000000002,819999.9928,189999.9976,2019-10-31T12:46:46.145000Z
216,1.11629,1.1163200000000002,6449999.8093,3190000.0572,2019-10-31T12:46:46.247000Z
217,1.1163,1.1163200000000002,449999.9881,939999.9976,2019-10-31T12:46:46.465000Z
218,1.1163200000000002,1.11633,1120000.0048,1500000.0,2019-10-31T12:46:47.698000Z
219,1.11633,1.11634,750000.0,1120000.0048,2019-10-31T12:46:47.801000Z
220,1.11633,1.11635,750000.0,1500000.0,2019-10-31T12:46:48.932000Z
221,1.1163200000000002,1.11634,100000.0015,2809999.9428,2019-10-31T12:46:49.824000Z
222,1.1163,1.1163200000000002,259999.9905,189999.9976,2019-10-31T12:46:49.984000Z
223,1.1163100000000001,1.11633,939999.9976,2440000.0572,2019-10-31T12:46:50.465000Z
224,1.1163200000000002,1.11633,750000.0,1309999.9428,2019-10-31T12:46:50.617000Z
225,1.1163100000000001,1.11634,1009999.9905,3900000.0954,2019-10-31T12:46:50.924000Z
226,1.1163200000000002,1.11634,819999.9928,2400000.0954,2019-10-31T12:46:51.328000Z
227,1.11633,1.11634,100000.0015,750000.0,2019-10-31T12:46:51.530000Z
228,1.1163200000000002,1.11634,1200000.0477,750000.0,2019-10-31T12:46:51.755000Z
229,1.11633,1.11635,1970000.0286,1690000.0572,2019-10-31T12:46:51.857000Z
230,1.11633,1.11634,1500000.0,750000.0,2019-10-31T12:46:51.959000Z
231,1.11633,1.11635,1389999.9857,1690000.0572,2019-10-31T12:46:52.163000Z
232,1.11633,1.11634,750000.0,370000.0048,2019-10-31T12:46:52.366000Z
233,1.1163100000000001,1.11633,819999.9928,5250000.0,2019-10-31T12:46:52.467000Z
234,1.1163,1.1163100000000001,750000.0,370000.0048,2019-10-31T12:46:52.607000Z
235,1.11629,1.1163100000000001,819999.9928,370000.0048,2019-10-31T12:46:52.709000Z
236,1.1163,1.1163200000000002,2319999.9332,1870000.0048,2019-10-31T12:46:52.861000Z
237,1.1163100000000001,1.1163200000000002,750000.0,1120000.0048,2019-10-31T12:46:52.962000Z
238,1.1163100000000001,1.11633,1970000.0286,1870000.0048,2019-10-31T12:46:53.715000Z
239,1.1163200000000002,1.11633,750000.0,1120000.0048,2019-10-31T12:46:54.098000Z
240,1.1163200000000002,1.11634,750000.0,1500000.0,2019-10-31T12:46:54.200000Z
241,1.11633,1.11634,100000.0015,370000.0048,2019-10-31T12:46:54.997000Z
242,1.11633,1.11635,750000.0,1120000.0048,2019-10-31T12:46:55.782000Z
243,1.11634,1.11635,750000.0,750000.0,2019-10-31T12:46:56.348000Z
244,1.11633,1.11634,1570000.0525,370000.0048,2019-10-31T12:46:56.449000Z
245,1.11633,1.11635,750000.0,939999.9976,2019-10-31T12:46:58.414000Z
246,1.11633,1.11634,750000.0,750000.0,2019-10-31T12:46:59.092000Z
247,1.1163200000000002,1.11634,819999.9928,750000.0,2019-10-31T12:47:00.049000Z
248,1.11633,1.11634,189999.9976,750000.0,2019-10-31T12:47:01.112000Z
249,1.11633,1.11635,1950000.0477,750000.0,2019-10-31T12:47:02.691000Z
250,1.11633,1.11634,1570000.0525,189999.9976,2019-10-31T12:47:03.318000Z
251,1.11633,1.11635,2319999.9332,750000.0,2019-10-31T12:47:03.443000Z
252,1.11634,1.11635,750000.0,750000.0,2019-10-31T12:47:03.545000Z
253,1.11633,1.11635,819999.9928,3940000.0572,2019-10-31T12:47:05.228000Z
254,1.1163100000000001,1.1163200000000002,819999.9928,1870000.0048,2019-10-31T12:47:06.541000Z
255,1.11629,1.1163100000000001,100000.0015,939999.9976,2019-10-31T12:47:06.592000Z
256,1.11628,1.11629,449999.9881,189999.9976,2019-10-31T12:47:06.693000Z
257,1.11627,1.11629,819999.9928,189999.9976,2019-10-31T12:47:06.778000Z
258,1.11627,1.1163,1570000.0525,2440000.0572,2019-10-31T12:47:07.281000Z
259,1.11628,1.1163,750000.0,3190000.0572,2019-10-31T12:47:07.332000Z
260,1.11627,1.1163,819999.9928,4690000.0572,2019-10-31T12:47:07.586000Z
261,1.11627,1.1163,750000.0,5440000.0572,2019-10-31T12:47:07.801000Z
262,1.11627,1.1163,819999.9928,1690000.0572,2019-10-31T12:47:07.903000Z
263,1.11627,1.1163,2319999.9332,2440000.0572,2019-10-31T12:47:08.294000Z
264,1.11627,1.1163,1570000.0525,1690000.0572,2019-10-31T12:47:08.398000Z
265,1.11627,1.11629,1200000.0477,750000.0,2019-10-31T12:47:12.370000Z
266,1.11627,1.11628,100000.0015,189999.9976,2019-10-31T12:47:13.034000Z
267,1.11625,1.11626,370000.0048,1500000.0,2019-10-31T12:47:13.137000Z
268,1.1162400000000001,1.11626,750000.0,2809999.9428,2019-10-31T12:47:13.506000Z
269,1.1162100000000001,1.1162400000000001,6449999.8093,939999.9976,2019-10-31T12:47:13.609000Z
270,1.1162100000000001,1.1162200000000002,100000.0015,939999.9976,2019-10-31T12:47:13.711000Z
271,1.1162,1.1162200000000002,1009999.9905,750000.0,2019-10-31T12:47:14.028000Z
272,1.1162,1.1162100000000001,750000.0,750000.0,2019-10-31T12:47:14.209000Z
273,1.11618,1.1162100000000001,6070000.1717,3940000.0572,2019-10-31T12:47:15.474000Z
274,1.11619,1.1162100000000001,100000.0015,3190000.0572,2019-10-31T12:47:15.575000Z
275,1.11618,1.1162100000000001,5320000.1717,3190000.0572,2019-10-31T12:47:15.744000Z
276,1.1162,1.1162100000000001,750000.0,1500000.0,2019-10-31T12:47:16.696000Z
277,1.1162,1.1162200000000002,1200000.0477,1870000.0048,2019-10-31T12:47:19.079000Z
278,1.1162200000000002,1.1162400000000001,750000.0,2059999.9428,2019-10-31T12:47:19.227000Z
279,1.11623,1.11625,100000.0015,1690000.0572,2019-10-31T12:47:20.478000Z
280,1.1162200000000002,1.11625,1570000.0525,1690000.0572,2019-10-31T12:47:20.744000Z
281,1.11623,1.11625,750000.0,1500000.0,2019-10-31T12:47:21.045000Z
282,1.1162400000000001,1.11626,2250000.0,750000.0,2019-10-31T12:47:21.147000Z
283,1.11625,1.11626,750000.0,189999.9976,2019-10-31T12:47:21.353000Z
284,1.1162400000000001,1.11626,1570000.0525,939999.9976,2019-10-31T12:47:21.505000Z
285,1.11626,1.11628,750000.0,1120000.0048,2019-10-31T12:47:21.801000Z
286,1.11625,1.11628,1389999.9857,2250000.0,2019-10-31T12:47:21.902000Z
287,1.11625,1.11627,819999.9928,3000000.0,2019-10-31T12:47:22.004000Z
288,1.11626,1.11627,100000.0015,2250000.0,2019-10-31T12:47:22.208000Z
289,1.11625,1.11627,750000.0,2250000.0,2019-10-31T12:47:22.361000Z
290,1.11625,1.11626,750000.0,750000.0,2019-10-31T12:47:22.670000Z
291,1.11625,1.11627,819999.9928,2250000.0,2019-10-31T12:47:22.771000Z
292,1.11627,1.11628,750000.0,1500000.0,2019-10-31T12:47:23.067000Z
293,1.11627,1.1163,819999.9928,939999.9976,2019-10-31T12:47:23.169000Z
294,1.11627,1.11628,819999.9928,2250000.0,2019-10-31T12:47:23.536000Z
295,1.11626,1.11627,100000.0015,1309999.9428,2019-10-31T12:47:23.652000Z
296,1.11625,1.11626,750000.0,939999.9976,2019-10-31T12:47:23.753000Z
297,1.1162400000000001,1.11626,819999.9928,939999.9976,2019-10-31T12:47:24.201000Z
298,1.11623,1.1162400000000001,1200000.0477,750000.0,2019-10-31T12:47:25.030000Z
299,1.1162100000000001,1.1162200000000002,750000.0,1690000.0572,2019-10-31T12:47:25.081000Z
300,1.11618,1.1162,750000.0,5809999.9428,2019-10-31T12:47:25.132000Z
301,1.11618,1.1162,370000.0048,2059999.9428,2019-10-31T12:47:25.284000Z
302,1.11617,1.1162,4949999.8093,1690000.0572,2019-10-31T12:47:25.487000Z
303,1.11618,1.1162,1570000.0525,750000.0,2019-10-31T12:47:25.588000Z
304,1.11619,1.1162100000000001,100000.0015,939999.9976,2019-10-31T12:47:25.691000Z
305,1.1162100000000001,1.11623,610000.0143,750000.0,2019-10-31T12:47:26.050000Z
306,1.11619,1.11623,939999.9976,4309999.9428,2019-10-31T12:47:26.101000Z
307,1.11619,1.1162200000000002,750000.0,189999.9976,2019-10-31T12:47:26.204000Z
308,1.11619,1.1162100000000001,1500000.0,750000.0,2019-10-31T12:47:26.306000Z
309,1.1162,1.1162200000000002,3559999.9428,750000.0,2019-10-31T12:47:27.162000Z
310,1.1162200000000002,1.11623,750000.0,819999.9928,2019-10-31T12:47:27.213000Z
311,1.1162100000000001,1.11623,1309999.9428,750000.0,2019-10-31T12:47:27.314000Z
312,1.1162,1.1162100000000001,1200000.0477,750000.0,2019-10-31T12:47:27.415000Z
313,1.11619,1.1162100000000001,939999.9976,750000.0,2019-10-31T12:47:27.568000Z
314,1.11618,1.1162100000000001,3640000.1049,750000.0,2019-10-31T12:47:27.673000Z
315,1.1162,1.11623,2440000.0572,750000.0,2019-10-31T12:47:27.784000Z
316,1.1162,1.1162200000000002,2809999.9428,370000.0048,2019-10-31T12:47:27.936000Z
317,1.1162,1.11623,2440000.0572,750000.0,2019-10-31T12:47:28.287000Z
318,1.1162200000000002,1.1162400000000001,1500000.0,2589999.9142,2019-10-31T12:47:28.388000Z
319,1.1162100000000001,1.1162400000000001,750000.0,5440000.0572,2019-10-31T12:47:28.700000Z
320,1.1162,1.11623,939999.9976,2250000.0,2019-10-31T12:47:28.904000Z
321,1.1162100000000001,1.11623,750000.0,750000.0,2019-10-31T12:47:29.258000Z
322,1.1162,1.1162200000000002,560000.0024,1690000.0572,2019-10-31T12:47:31.506000Z
323,1.1162100000000001,1.11623,2250000.0,750000.0,2019-10-31T12:47:33.442000Z
324,1.1162100000000001,1.1162400000000001,1690000.0572,750000.0,2019-10-31T12:47:34.185000Z
325,1.1162100000000001,1.11625,1759999.9905,3640000.1049,2019-10-31T12:47:35.266000Z
326,1.11623,1.1162400000000001,750000.0,750000.0,2019-10-31T12:47:35.368000Z
327,1.1162400000000001,1.11626,750000.0,1690000.0572,2019-10-31T12:47:35.419000Z
328,1.1162400000000001,1.11627,1870000.0048,2809999.9428,2019-10-31T12:47:35.521000Z
329,1.1162400000000001,1.11626,370000.0048,1500000.0,2019-10-31T12:47:35.657000Z
330,1.1162400000000001,1.11627,1120000.0048,3640000.1049,2019-10-31T12:47:36.062000Z
331,1.11626,1.11627,750000.0,1120000.0048,2019-10-31T12:47:36.113000Z
332,1.11626,1.11628,2250000.0,750000.0,2019-10-31T12:47:36.214000Z
333,1.11627,1.11629,750000.0,1500000.0,2019-10-31T12:47:36.366000Z
334,1.11626,1.11629,2250000.0,939999.9976,2019-10-31T12:47:37.109000Z
335,1.11627,1.11629,370000.0048,1309999.9428,2019-10-31T12:47:37.210000Z
336,1.11628,1.11629,750000.0,1120000.0048,2019-10-31T12:47:38.618000Z
337,1.11629,1.1163100000000001,3940000.0572,2619999.8856,2019-10-31T12:47:38.720000Z
338,1.1163,1.1163200000000002,560000.0024,939999.9976,2019-10-31T12:47:38.821000Z
339,1.1163,1.1163100000000001,750000.0,750000.0,2019-10-31T12:47:39.735000Z
340,1.11628,1.1163,2250000.0,939999.9976,2019-10-31T12:47:40.036000Z
341,1.11628,1.11629,750000.0,1690000.0572,2019-10-31T12:47:40.138000Z
342,1.11626,1.11629,2619999.8856,939999.9976,2019-10-31T12:47:40.189000Z
343,1.11627,1.11629,370000.0048,2059999.9428,2019-10-31T12:47:41.970000Z
344,1.11628,1.11629,750000.0,370000.0048,2019-10-31T12:47:44Z
345,1.11628,1.1163100000000001,1500000.0,5059999.9428,2019-10-31T12:47:45.010000Z
346,1.11629,1.1163100000000001,750000.0,1690000.0572,2019-10-31T12:47:45.757000Z
347,1.1163,1.1163100000000001,750000.0,189999.9976,2019-10-31T12:47:51.059000Z
348,1.1163100000000001,1.11633,750000.0,3000000.0,2019-10-31T12:47:51.815000Z
349,1.11633,1.11635,750000.0,2890000.1049,2019-10-31T12:47:51.868000Z
350,1.1163200000000002,1.11635,750000.0,2319999.9332,2019-10-31T12:47:51.919000Z
351,1.11629,1.11633,5510000.2289,1500000.0,2019-10-31T12:47:51.970000Z
352,1.11629,1.1163200000000002,1500000.0,2809999.9428,2019-10-31T12:47:52.071000Z
353,1.1163,1.1163200000000002,750000.0,370000.0048,2019-10-31T12:47:52.173000Z
354,1.1163100000000001,1.11633,750000.0,750000.0,2019-10-31T12:47:52.274000Z
355,1.11629,1.1163100000000001,3819999.9332,750000.0,2019-10-31T12:47:52.770000Z
356,1.1163,1.1163100000000001,750000.0,750000.0,2019-10-31T12:47:52.872000Z
357,1.1163,1.11633,750000.0,2619999.8856,2019-10-31T12:47:53.380000Z
358,1.1163200000000002,1.11633,750000.0,370000.0048,2019-10-31T12:47:53.689000Z
359,1.1163,1.11633,3940000.0572,1309999.9428,2019-10-31T12:47:53.790000Z
360,1.1163100000000001,1.11633,370000.0048,1309999.9428,2019-10-31T12:47:53.993000Z
361,1.1163100000000001,1.11634,750000.0,2619999.8856,2019-10-31T12:47:54.318000Z
362,1.1163,1.11633,2059999.9428,750000.0,2019-10-31T12:47:54.419000Z
363,1.1163,1.11634,1690000.0572,1120000.0048,2019-10-31T12:47:54.571000Z
364,1.1163100000000001,1.11634,750000.0,2619999.8856,2019-10-31T12:47:54.920000Z
365,1.1163,1.1163200000000002,750000.0,1120000.0048,2019-10-31T12:47:55.122000Z
366,1.11628,1.1163200000000002,3819999.9332,2140000.1049,2019-10-31T12:47:55.271000Z
367,1.11629,1.1163200000000002,2700000.0477,370000.0048,2019-10-31T12:47:55.524000Z
368,1.1163,1.11633,750000.0,3369999.8856,2019-10-31T12:47:55.676000Z
369,1.1163100000000001,1.11633,750000.0,2619999.8856,2019-10-31T12:47:55.778000Z
370,1.1163,1.1163200000000002,750000.0,560000.0024,2019-10-31T12:47:55.924000Z
371,1.1163100000000001,1.1163200000000002,750000.0,939999.9976,2019-10-31T12:47:56.025000Z
372,1.11629,1.1163200000000002,1500000.0,370000.0048,2019-10-31T12:47:56.077000Z
373,1.11629,1.1163100000000001,750000.0,750000.0,2019-10-31T12:47:56.178000Z
374,1.11628,1.1163100000000001,3559999.9428,750000.0,2019-10-31T12:47:56.279000Z
375,1.11628,1.1163200000000002,1690000.0572,3450000.0477,2019-10-31T12:47:57.894000Z
376,1.11629,1.1163100000000001,750000.0,750000.0,2019-10-31T12:47:57.996000Z
377,1.1163,1.1163200000000002,370000.0048,1500000.0,2019-10-31T12:47:58.098000Z
378,1.11629,1.11633,4010000.2289,3000000.0,2019-10-31T12:47:59.413000Z
379,1.1163100000000001,1.11633,750000.0,3750000.0,2019-10-31T12:48:00.694000Z
380,1.1163,1.11633,2440000.0572,2250000.0,2019-10-31T12:48:01.048000Z
381,1.1163100000000001,1.11633,560000.0024,3559999.9428,2019-10-31T12:48:01.201000Z
382,1.1163,1.1163200000000002,1500000.0,750000.0,2019-10-31T12:48:01.507000Z
383,1.11629,1.1163200000000002,4010000.2289,750000.0,2019-10-31T12:48:01.652000Z
384,1.11629,1.11633,4760000.2289,3259999.9905,2019-10-31T12:48:01.763000Z
385,1.1163,1.11633,750000.0,2440000.0572,2019-10-31T12:48:02.208000Z
386,1.11629,1.11633,3190000.0572,4309999.9428,2019-10-31T12:48:02.811000Z
387,1.11629,1.1163200000000002,7010000.2289,750000.0,2019-10-31T12:48:03.363000Z
388,1.11629,1.11633,4010000.2289,3190000.0572,2019-10-31T12:48:03.465000Z
389,1.11629,1.1163200000000002,5889999.8665,750000.0,2019-10-31T12:48:04.969000Z
390,1.1163,1.1163200000000002,1309999.9428,939999.9976,2019-10-31T12:48:05.486000Z
391,1.1163,1.11633,1309999.9428,1870000.0048,2019-10-31T12:48:05.702000Z
392,1.1163,1.1163200000000002,1309999.9428,189999.9976,2019-10-31T12:48:06.172000Z
393,1.1163100000000001,1.11633,189999.9976,939999.9976,2019-10-31T12:48:07.807000Z
394,1.1163,1.11633,1309999.9428,750000.0,2019-10-31T12:48:08.049000Z
395,1.11629,1.11633,5059999.9428,3559999.9428,2019-10-31T12:48:08.201000Z
396,1.11628,1.11629,370000.0048,189999.9976,2019-10-31T12:48:08.504000Z
397,1.11627,1.1163100000000001,2700000.0477,3559999.9428,2019-10-31T12:48:08.555000Z
398,1.11629,1.1163,750000.0,939999.9976,2019-10-31T12:48:08.606000Z
399,1.11628,1.1163100000000001,1500000.0,3559999.9428,2019-10-31T12:48:08.707000Z
400,1.11629,1.1163100000000001,750000.0,750000.0,2019-10-31T12:48:09.762000Z
401,1.11628,1.1163100000000001,1870000.0048,1500000.0,2019-10-31T12:48:09.974000Z
402,1.11628,1.1163,750000.0,189999.9976,2019-10-31T12:48:10.279000Z
403,1.11627,1.11629,2809999.9428,189999.9976,2019-10-31T12:48:10.380000Z
404,1.11628,1.1163100000000001,750000.0,3940000.0572,2019-10-31T12:48:10.431000Z
405,1.11627,1.11629,2890000.1049,189999.9976,2019-10-31T12:48:10.982000Z
406,1.11627,1.11628,750000.0,189999.9976,2019-10-31T12:48:12.548000Z
407,1.11626,1.11627,4690000.0572,750000.0,2019-10-31T12:48:12.649000Z
408,1.11626,1.11628,4500000.0,3559999.9428,2019-10-31T12:48:12.799000Z
409,1.11626,1.11627,750000.0,750000.0,2019-10-31T12:48:14.197000Z
410,1.11626,1.11628,750000.0,5440000.0572,2019-10-31T12:48:14.299000Z
411,1.1162400000000001,1.11627,4869999.8856,750000.0,2019-10-31T12:48:14.349000Z
412,1.11623,1.11625,1950000.0477,370000.0048,2019-10-31T12:48:14.401000Z
413,1.1162200000000002,1.11625,100000.0015,2619999.8856,2019-10-31T12:48:14.502000Z
414,1.1162100000000001,1.11625,4460000.0381,2619999.8856,2019-10-31T12:48:14.604000Z
415,1.1162200000000002,1.11625,1570000.0525,3259999.9905,2019-10-31T12:48:14.706000Z
416,1.1162100000000001,1.11625,2619999.8856,4760000.2289,2019-10-31T12:48:14.807000Z
417,1.1162100000000001,1.11623,750000.0,750000.0,2019-10-31T12:48:15.207000Z
418,1.1162,1.1162200000000002,1500000.0,189999.9976,2019-10-31T12:48:16.830000Z
419,1.11618,1.1162,370000.0048,750000.0,2019-10-31T12:48:16.931000Z
420,1.11617,1.11619,4119999.8856,370000.0048,2019-10-31T12:48:17.033000Z
421,1.11617,1.1162,750000.0,4690000.0572,2019-10-31T12:48:17.760000Z
422,1.11616,1.11618,750000.0,2250000.0,2019-10-31T12:48:17.862000Z
423,1.11615,1.11617,5440000.0572,750000.0,2019-10-31T12:48:18.730000Z
424,1.11615,1.11618,5809999.9428,1500000.0,2019-10-31T12:48:19.995000Z
425,1.11616,1.11618,2250000.0,370000.0048,2019-10-31T12:48:21.618000Z
426,1.11616,1.11619,1120000.0048,939999.9976,2019-10-31T12:48:21.751000Z
427,1.11618,1.1162,1500000.0,750000.0,2019-10-31T12:48:22.449000Z
428,1.11618,1.1162100000000001,1870000.0048,1309999.9428,2019-10-31T12:48:22.551000Z
429,1.11617,1.11619,1870000.0048,750000.0,2019-10-31T12:48:22.734000Z
430,1.11616,1.11619,1120000.0048,1500000.0,2019-10-31T12:48:22.836000Z
431,1.11617,1.11619,750000.0,750000.0,2019-10-31T12:48:25.008000Z
432,1.11617,1.1162,750000.0,1309999.9428,2019-10-31T12:48:25.566000Z
433,1.11617,1.11619,750000.0,750000.0,2019-10-31T12:48:27.610000Z
434,1.11616,1.11619,3369999.8856,750000.0,2019-10-31T12:48:29.851000Z
435,1.11617,1.11619,750000.0,1500000.0,2019-10-31T12:48:29.953000Z
436,1.11616,1.11618,4500000.0,2250000.0,2019-10-31T12:48:30.902000Z
437,1.11617,1.11619,750000.0,560000.0024,2019-10-31T12:48:34.991000Z
438,1.11617,1.1162,3369999.8856,1120000.0048,2019-10-31T12:48:35.092000Z
439,1.11618,1.1162,1690000.0572,189999.9976,2019-10-31T12:48:35.905000Z
440,1.11619,1.1162100000000001,3000000.0,189999.9976,2019-10-31T12:48:36.006000Z
441,1.11619,1.1162200000000002,1500000.0,1389999.9857,2019-10-31T12:48:37.063000Z
442,1.11618,1.1162100000000001,6369999.8856,189999.9976,2019-10-31T12:48:39.193000Z
443,1.11619,1.1162100000000001,750000.0,750000.0,2019-10-31T12:48:39.647000Z
444,1.1162,1.1162100000000001,1500000.0,750000.0,2019-10-31T12:48:40.439000Z
445,1.1162100000000001,1.11623,750000.0,560000.0024,2019-10-31T12:48:40.541000Z
446,1.1162200000000002,1.1162400000000001,750000.0,2250000.0,2019-10-31T12:48:40.642000Z
447,1.1162200000000002,1.11625,750000.0,1309999.9428,2019-10-31T12:48:40.781000Z
448,1.11623,1.11625,750000.0,189999.9976,2019-10-31T12:48:40.884000Z
449,1.1162400000000001,1.11625,750000.0,189999.9976,2019-10-31T12:48:40.985000Z
450,1.1162200000000002,1.11623,370000.0048,939999.9976,2019-10-31T12:48:47.217000Z
451,1.1162100000000001,1.11623,3970000.0286,1309999.9428,2019-10-31T12:48:47.268000Z
452,1.1162100000000001,1.1162200000000002,370000.0048,2440000.0572,2019-10-31T12:48:47.369000Z
453,1.11618,1.1162,1950000.0477,939999.9976,2019-10-31T12:48:47.464000Z
454,1.11617,1.11619,1500000.0,189999.9976,2019-10-31T12:48:47.616000Z
455,1.11617,1.1162,3750000.0,1309999.9428,2019-10-31T12:48:48.587000Z
456,1.11618,1.1162,1500000.0,939999.9976,2019-10-31T12:48:48.688000Z
457,1.11619,1.1162200000000002,2250000.0,1389999.9857,2019-10-31T12:48:48.790000Z
458,1.11618,1.1162100000000001,6070000.1717,189999.9976,2019-10-31T12:48:49.144000Z
459,1.11617,1.11619,3190000.0572,939999.9976,2019-10-31T12:48:49.347000Z
460,1.11618,1.11619,750000.0,1009999.9905,2019-10-31T12:48:50.042000Z
461,1.11617,1.11619,1690000.0572,1009999.9905,2019-10-31T12:48:50.143000Z
462,1.11618,1.11619,750000.0,1009999.9905,2019-10-31T12:48:50.474000Z
463,1.11618,1.1162,750000.0,4690000.0572,2019-10-31T12:48:50.576000Z
464,1.11618,1.1162100000000001,750000.0,939999.9976,2019-10-31T12:48:51.967000Z
465,1.11619,1.1162100000000001,3750000.0,939999.9976,2019-10-31T12:48:52.477000Z
466,1.11619,1.1162,3750000.0,370000.0048,2019-10-31T12:48:52.849000Z
467,1.11618,1.1162100000000001,1120000.0048,1690000.0572,2019-10-31T12:48:53.653000Z
468,1.11619,1.1162100000000001,750000.0,189999.9976,2019-10-31T12:48:55.683000Z
469,1.1162100000000001,1.11623,3750000.0,3450000.0477,2019-10-31T12:49:02.569000Z
470,1.1162200000000002,1.11623,750000.0,100000.0015,2019-10-31T12:49:02.671000Z
471,1.1162200000000002,1.1162400000000001,3940000.0572,1009999.9905,2019-10-31T12:49:02.773000Z
472,1.1162200000000002,1.11623,939999.9976,2619999.8856,2019-10-31T12:49:02.913000Z
473,1.1162100000000001,1.11623,750000.0,2789999.9619,2019-10-31T12:49:03.014000Z
474,1.1162100000000001,1.1162200000000002,750000.0,189999.9976,2019-10-31T12:49:04.460000Z
475,1.1162100000000001,1.11623,2250000.0,370000.0048,2019-10-31T12:49:04.561000Z
476,1.11619,1.1162200000000002,9069999.6948,1759999.9905,2019-10-31T12:49:04.663000Z
477,1.1162,1.11623,1500000.0,2059999.9428,2019-10-31T12:49:04.764000Z
478,1.11619,1.11623,4760000.2289,1690000.0572,2019-10-31T12:49:05.460000Z
479,1.1162100000000001,1.11623,1690000.0572,1389999.9857,2019-10-31T12:49:05.530000Z
480,1.1162100000000001,1.1162200000000002,750000.0,189999.9976,2019-10-31T12:49:05.632000Z
481,1.1162,1.1162200000000002,1500000.0,189999.9976,2019-10-31T12:49:05.734000Z
482,1.1162100000000001,1.1162200000000002,750000.0,189999.9976,2019-10-31T12:49:06.039000Z
483,1.1162,1.1162200000000002,1500000.0,189999.9976,2019-10-31T12:49:06.141000Z
484,1.1162,1.1162400000000001,2440000.0572,2509999.9905,2019-10-31T12:49:06.243000Z
485,1.1162,1.1162200000000002,2250000.0,189999.9976,2019-10-31T12:49:06.396000Z
486,1.1162100000000001,1.1162200000000002,750000.0,189999.9976,2019-10-31T12:49:06.537000Z
487,1.1162,1.1162200000000002,2250000.0,189999.9976,2019-10-31T12:49:06.639000Z
488,1.1162,1.11623,3000000.0,1120000.0048,2019-10-31T12:49:07.997000Z
489,1.1162100000000001,1.1162400000000001,1500000.0,1690000.0572,2019-10-31T12:49:08.201000Z
490,1.11623,1.1162400000000001,750000.0,1690000.0572,2019-10-31T12:49:08.303000Z
491,1.1162,1.1162200000000002,7199999.8093,189999.9976,2019-10-31T12:49:08.405000Z
492,1.1162200000000002,1.11623,750000.0,1120000.0048,2019-10-31T12:49:08.456000Z
493,1.1162100000000001,1.11623,100000.0015,3190000.0572,2019-10-31T12:49:08.564000Z
494,1.1162,1.1162200000000002,4500000.0,100000.0015,2019-10-31T12:49:08.675000Z
495,1.1162100000000001,1.1162200000000002,750000.0,750000.0,2019-10-31T12:49:08.778000Z
496,1.1162100000000001,1.11623,750000.0,1200000.0477,2019-10-31T12:49:08.880000Z
497,1.1162,1.1162100000000001,750000.0,939999.9976,2019-10-31T12:49:08.981000Z
498,1.11619,1.1162,750000.0,189999.9976,2019-10-31T12:49:09.751000Z
499,1.1162,1.1162200000000002,750000.0,639999.9857,2019-10-31T12:49:11.685000Z
500,1.1162200000000002,1.11623,750000.0,1120000.0048,2019-10-31T12:49:11.888000Z
501,1.1162100000000001,1.1162200000000002,1500000.0,370000.0048,2019-10-31T12:49:12.181000Z
502,1.1162100000000001,1.11623,1500000.0,1200000.0477,2019-10-31T12:49:12.641000Z
503,1.1162,1.1162200000000002,750000.0,370000.0048,2019-10-31T12:49:14.420000Z
504,1.1162,1.1162100000000001,1500000.0,189999.9976,2019-10-31T12:49:14.922000Z
505,1.1162,1.1162200000000002,750000.0,1309999.9428,2019-10-31T12:49:15.023000Z
506,1.1162,1.1162100000000001,750000.0,259999.9905,2019-10-31T12:49:15.124000Z
507,1.1162,1.1162200000000002,750000.0,1389999.9857,2019-10-31T12:49:15.395000Z
508,1.1162,1.1162100000000001,750000.0,189999.9976,2019-10-31T12:49:15.497000Z
509,1.11619,1.1162,750000.0,100000.0015,2019-10-31T12:49:15.598000Z
510,1.1162,1.1162100000000001,750000.0,560000.0024,2019-10-31T12:49:15.750000Z
511,1.1162,1.1162200000000002,1500000.0,370000.0048,2019-10-31T12:49:17.732000Z
512,1.1162100000000001,1.1162200000000002,750000.0,370000.0048,2019-10-31T12:49:17.833000Z
513,1.1162,1.1162200000000002,1500000.0,370000.0048,2019-10-31T12:49:17.937000Z
514,1.1162,1.11623,1500000.0,2890000.1049,2019-10-31T12:49:18.696000Z
515,1.1162,1.1162100000000001,1500000.0,1690000.0572,2019-10-31T12:49:18.798000Z
516,1.11619,1.1162100000000001,2250000.0,1690000.0572,2019-10-31T12:49:18.907000Z
517,1.1162,1.1162200000000002,750000.0,1200000.0477,2019-10-31T12:49:19.558000Z
518,1.1162,1.11623,3369999.8856,2059999.9428,2019-10-31T12:49:20.767000Z
519,1.11618,1.1162,2700000.0477,3190000.0572,2019-10-31T12:49:20.897000Z
520,1.11619,1.1162,750000.0,2509999.9905,2019-10-31T12:49:20.999000Z
521,1.11617,1.1162,750000.0,3559999.9428,2019-10-31T12:49:21.050000Z
522,1.11616,1.1162,2440000.0572,3640000.1049,2019-10-31T12:49:21.152000Z
523,1.11616,1.11619,2440000.0572,750000.0,2019-10-31T12:49:21.527000Z
524,1.11618,1.11619,750000.0,750000.0,2019-10-31T12:49:21.785000Z
525,1.11618,1.1162,750000.0,2140000.1049,2019-10-31T12:49:21.886000Z
526,1.11618,1.11619,750000.0,750000.0,2019-10-31T12:49:22.245000Z
527,1.11618,1.1162,750000.0,3640000.1049,2019-10-31T12:49:22.367000Z
528,1.11618,1.11619,750000.0,750000.0,2019-10-31T12:49:22.632000Z
529,1.11618,1.1162,750000.0,3640000.1049,2019-10-31T12:49:23.107000Z
530,1.11617,1.11619,1500000.0,750000.0,2019-10-31T12:49:23.302000Z
531,1.11618,1.11619,750000.0,750000.0,2019-10-31T12:49:23.404000Z
532,1.11617,1.1162,1500000.0,6639999.8665,2019-10-31T12:49:23.505000Z
533,1.11617,1.11619,750000.0,750000.0,2019-10-31T12:49:23.606000Z
534,1.11617,1.1162,750000.0,8890000.3433,2019-10-31T12:49:23.716000Z
535,1.11617,1.11618,1500000.0,750000.0,2019-10-31T12:49:24.199000Z
536,1.11618,1.11619,750000.0,750000.0,2019-10-31T12:49:25.068000Z
537,1.11617,1.11619,4500000.0,750000.0,2019-10-31T12:49:25.558000Z
538,1.11618,1.1162,3940000.0572,939999.9976,2019-10-31T12:49:27.731000Z
539,1.11619,1.1162200000000002,2509999.9905,819999.9928,2019-10-31T12:49:27.833000Z
540,1.1162,1.1162200000000002,750000.0,750000.0,2019-10-31T12:49:27.956000Z
541,1.11619,1.1162100000000001,4500000.0,189999.9976,2019-10-31T12:49:28.007000Z
542,1.11619,1.1162200000000002,3069999.9332,2140000.1049,2019-10-31T12:49:28.210000Z
543,1.1162,1.1162200000000002,1500000.0,1309999.9428,2019-10-31T12:49:29.162000Z
544,1.1162,1.1162400000000001,2059999.9428,4010000.2289,2019-10-31T12:49:29.264000Z
545,1.1162,1.1162100000000001,3369999.8856,750000.0,2019-10-31T12:49:29.365000Z
546,1.1162,1.1162200000000002,1500000.0,1500000.0,2019-10-31T12:49:29.466000Z
547,1.1162,1.11623,1500000.0,1309999.9428,2019-10-31T12:49:29.575000Z
548,1.11619,1.1162100000000001,1500000.0,189999.9976,2019-10-31T12:49:29.677000Z
549,1.11618,1.1162100000000001,5250000.0,1309999.9428,2019-10-31T12:49:29.778000Z
550,1.11618,1.1162,2250000.0,750000.0,2019-10-31T12:49:31.457000Z
551,1.11618,1.11619,1500000.0,1500000.0,2019-10-31T12:49:31.610000Z
552,1.11618,1.1162,750000.0,4010000.2289,2019-10-31T12:49:31.813000Z
553,1.11618,1.11619,750000.0,750000.0,2019-10-31T12:49:31.914000Z
554,1.11618,1.1162,750000.0,4760000.2289,2019-10-31T12:49:32.071000Z
555,1.11618,1.11619,750000.0,750000.0,2019-10-31T12:49:32.172000Z
556,1.11617,1.11619,2250000.0,750000.0,2019-10-31T12:49:32.274000Z
557,1.11617,1.1162,1500000.0,5510000.2289,2019-10-31T12:49:33.375000Z
558,1.11617,1.11619,1500000.0,750000.0,2019-10-31T12:49:35.802000Z
559,1.11617,1.1162,1570000.0525,3640000.1049,2019-10-31T12:49:35.903000Z
560,1.11616,1.11618,3750000.0,4690000.0572,2019-10-31T12:49:36.175000Z
561,1.11606,1.1161200000000002,750000.0,4690000.0572,2019-10-31T12:49:36.267000Z
562,1.1160700000000001,1.11609,1950000.0477,189999.9976,2019-10-31T12:49:36.318000Z
563,1.1161,1.1161200000000002,1500000.0,2809999.9428,2019-10-31T12:49:36.420000Z
564,1.11609,1.1161,100000.0015,1500000.0,2019-10-31T12:49:36.573000Z
565,1.11609,1.1161100000000002,750000.0,2700000.0477,2019-10-31T12:49:36.675000Z
566,1.11608,1.1161,5400000.0954,750000.0,2019-10-31T12:49:36.726000Z
567,1.11609,1.1161200000000002,1690000.0572,259999.9905,2019-10-31T12:49:39.187000Z
568,1.1161,1.1161200000000002,100000.0015,189999.9976,2019-10-31T12:49:39.339000Z
569,1.11609,1.1161200000000002,7760000.2289,449999.9881,2019-10-31T12:49:39.440000Z
570,1.11608,1.1161,7119999.8856,939999.9976,2019-10-31T12:49:42.331000Z
571,1.11608,1.11609,750000.0,560000.0024,2019-10-31T12:49:42.432000Z
572,1.11606,1.11609,2619999.8856,189999.9976,2019-10-31T12:49:42.635000Z
573,1.1160700000000001,1.11609,1500000.0,189999.9976,2019-10-31T12:49:42.753000Z
574,1.11606,1.11608,1009999.9905,189999.9976,2019-10-31T12:49:42.855000Z
575,1.11605,1.11606,1120000.0048,1120000.0048,2019-10-31T12:49:42.956000Z
576,1.11604,1.11606,1500000.0,1309999.9428,2019-10-31T12:49:43.057000Z
577,1.11603,1.11606,7119999.8856,939999.9976,2019-10-31T12:49:43.467000Z
578,1.11603,1.11605,819999.9928,939999.9976,2019-10-31T12:49:43.592000Z
579,1.1160200000000002,1.11604,750000.0,939999.9976,2019-10-31T12:49:44.016000Z
580,1.11599,1.116,5889999.8665,1870000.0048,2019-10-31T12:49:45.891000Z
581,1.1159700000000001,1.11599,2250000.0,939999.9976,2019-10-31T12:49:45.942000Z
582,1.1159700000000001,1.11598,750000.0,2440000.0572,2019-10-31T12:49:46.044000Z
583,1.1159700000000001,1.11599,750000.0,2440000.0572,2019-10-31T12:49:46.196000Z
584,1.1159700000000001,1.116,1309999.9428,750000.0,2019-10-31T12:49:52.301000Z
585,1.11599,1.1160100000000002,3000000.0,750000.0,2019-10-31T12:49:54.620000Z
586,1.11598,1.1160100000000002,1870000.0048,1389999.9857,2019-10-31T12:49:54.758000Z
587,1.11598,1.116,750000.0,750000.0,2019-10-31T12:49:54.860000Z
588,1.1159700000000001,1.11599,939999.9976,189999.9976,2019-10-31T12:49:55.213000Z
589,1.1159700000000001,1.116,1570000.0525,2890000.1049,2019-10-31T12:49:55.315000Z
590,1.11598,1.1160100000000002,750000.0,639999.9857,2019-10-31T12:49:55.417000Z
591,1.11598,1.116,750000.0,750000.0,2019-10-31T12:49:55.519000Z
592,1.11599,1.1160100000000002,189999.9976,370000.0048,2019-10-31T12:49:55.896000Z
593,1.116,1.11604,1690000.0572,4760000.2289,2019-10-31T12:49:55.997000Z
594,1.116,1.1160200000000002,939999.9976,750000.0,2019-10-31T12:49:56.099000Z
595,1.1160100000000002,1.11603,1500000.0,1120000.0048,2019-10-31T12:49:57.595000Z
596,1.1160100000000002,1.1160200000000002,1500000.0,750000.0,2019-10-31T12:49:59.133000Z
597,1.11599,1.1160100000000002,1570000.0525,189999.9976,2019-10-31T12:49:59.235000Z
598,1.11598,1.116,6559999.9428,189999.9976,2019-10-31T12:49:59.343000Z
599,1.11599,1.1160200000000002,2250000.0,100000.0015,2019-10-31T12:49:59.713000Z
600,1.11599,1.1160100000000002,750000.0,370000.0048,2019-10-31T12:49:59.865000Z
601,1.11598,1.1160100000000002,5510000.2289,370000.0048,2019-10-31T12:49:59.967000Z
602,1.116,1.11603,2250000.0,1200000.0477,2019-10-31T12:50:00.054000Z
603,1.1160100000000002,1.11603,750000.0,750000.0,2019-10-31T12:50:00.156000Z
604,1.1160100000000002,1.11604,1500000.0,2619999.8856,2019-10-31T12:50:01.472000Z
605,1.11605,1.11606,1500000.0,370000.0048,2019-10-31T12:50:02.549000Z
606,1.11604,1.1160700000000001,4119999.8856,2619999.8856,2019-10-31T12:50:02.600000Z
607,1.11606,1.11608,1500000.0,1500000.0,2019-10-31T12:50:02.651000Z
608,1.11606,1.11609,3000000.0,1500000.0,2019-10-31T12:50:02.753000Z
609,1.1160700000000001,1.11609,1500000.0,370000.0048,2019-10-31T12:50:02.913000Z
610,1.11608,1.1161,750000.0,1120000.0048,2019-10-31T12:50:03.014000Z
611,1.11608,1.1161100000000002,1500000.0,2890000.1049,2019-10-31T12:50:03.117000Z
612,1.11608,1.1161,2700000.0477,939999.9976,2019-10-31T12:50:03.218000Z
613,1.11608,1.1161100000000002,4500000.0,560000.0024,2019-10-31T12:50:03.381000Z
614,1.11609,1.1161100000000002,1500000.0,1120000.0048,2019-10-31T12:50:04.838000Z
615,1.1161100000000002,1.1161200000000002,750000.0,1889999.9857,2019-10-31T12:50:05.906000Z
616,1.1161100000000002,1.11613,1500000.0,1690000.0572,2019-10-31T12:50:06.007000Z
617,1.11609,1.1161100000000002,4500000.0,1309999.9428,2019-10-31T12:50:06.109000Z
618,1.11608,1.1161,2890000.1049,370000.0048,2019-10-31T12:50:06.490000Z
619,1.11609,1.1161100000000002,189999.9976,1690000.0572,2019-10-31T12:50:06.591000Z
620,1.11609,1.1161,750000.0,189999.9976,2019-10-31T12:50:09.475000Z
621,1.11608,1.1161,1500000.0,750000.0,2019-10-31T12:50:09.577000Z
622,1.11609,1.1161,750000.0,750000.0,2019-10-31T12:50:09.678000Z
623,1.11608,1.11609,1500000.0,1500000.0,2019-10-31T12:50:09.780000Z
624,1.11608,1.1161,1500000.0,1500000.0,2019-10-31T12:50:10.033000Z
625,1.11608,1.11609,750000.0,750000.0,2019-10-31T12:50:10.134000Z
626,1.1160700000000001,1.11609,1500000.0,1500000.0,2019-10-31T12:50:10.937000Z
627,1.11606,1.11608,4690000.0572,3940000.0572,2019-10-31T12:50:10.988000Z
628,1.11606,1.11609,1309999.9428,1870000.0048,2019-10-31T12:50:12.200000Z
629,1.11606,1.11608,1309999.9428,1120000.0048,2019-10-31T12:50:12.362000Z
630,1.11605,1.1160700000000001,2700000.0477,1870000.0048,2019-10-31T12:50:12.464000Z
631,1.11606,1.1160700000000001,750000.0,750000.0,2019-10-31T12:50:12.707000Z
632,1.11605,1.1160700000000001,3750000.0,750000.0,2019-10-31T12:50:12.966000Z
633,1.11605,1.11608,4760000.2289,750000.0,2019-10-31T12:50:13.272000Z
634,1.11605,1.1160700000000001,1500000.0,370000.0048,2019-10-31T12:50:14.892000Z
635,1.1160700000000001,1.11608,750000.0,1309999.9428,2019-10-31T12:50:15.145000Z
636,1.11606,1.11608,1690000.0572,2059999.9428,2019-10-31T12:50:15.251000Z
637,1.11606,1.1160700000000001,3190000.0572,750000.0,2019-10-31T12:50:16.205000Z
638,1.11606,1.11608,2059999.9428,1309999.9428,2019-10-31T12:50:17.495000Z
639,1.11606,1.1160700000000001,370000.0048,750000.0,2019-10-31T12:50:20.020000Z
640,1.11605,1.1160700000000001,1500000.0,750000.0,2019-10-31T12:50:20.122000Z
641,1.11606,1.11608,750000.0,5059999.9428,2019-10-31T12:50:20.231000Z
642,1.11605,1.11606,750000.0,939999.9976,2019-10-31T12:50:20.555000Z
643,1.1160200000000002,1.11603,1500000.0,750000.0,2019-10-31T12:50:20.606000Z
644,1.11603,1.11604,1500000.0,1120000.0048,2019-10-31T12:50:20.708000Z
645,1.1160100000000002,1.11604,3640000.1049,370000.0048,2019-10-31T12:50:20.759000Z
646,1.11603,1.11604,750000.0,370000.0048,2019-10-31T12:50:20.861000Z
647,1.11604,1.11605,750000.0,189999.9976,2019-10-31T12:50:20.963000Z
648,1.11606,1.1160700000000001,1500000.0,370000.0048,2019-10-31T12:50:22.198000Z
649,1.11606,1.11609,750000.0,1309999.9428,2019-10-31T12:50:22.300000Z
650,1.1160700000000001,1.11609,750000.0,1870000.0048,2019-10-31T12:50:22.455000Z
651,1.11608,1.11609,100000.0015,1870000.0048,2019-10-31T12:50:23.626000Z
652,1.1160700000000001,1.11609,2440000.0572,1870000.0048,2019-10-31T12:50:23.728000Z
653,1.1161100000000002,1.1161200000000002,750000.0,1120000.0048,2019-10-31T12:50:26.010000Z
654,1.1161200000000002,1.11613,750000.0,750000.0,2019-10-31T12:50:26.146000Z
655,1.1161100000000002,1.11613,1009999.9905,1690000.0572,2019-10-31T12:50:26.247000Z
656,1.1161100000000002,1.1161200000000002,939999.9976,370000.0048,2019-10-31T12:50:26.349000Z
657,1.1161,1.1161200000000002,750000.0,2619999.8856,2019-10-31T12:50:27.301000Z
658,1.1161,1.1161200000000002,1500000.0,4869999.8856,2019-10-31T12:50:27.453000Z
659,1.1161,1.1161200000000002,1690000.0572,750000.0,2019-10-31T12:50:28.022000Z
660,1.1161100000000002,1.1161200000000002,189999.9976,750000.0,2019-10-31T12:50:28.174000Z
661,1.1161100000000002,1.11613,1690000.0572,2250000.0,2019-10-31T12:50:29.805000Z
662,1.1161200000000002,1.11614,939999.9976,1309999.9428,2019-10-31T12:50:29.907000Z
663,1.1161100000000002,1.11614,1009999.9905,2250000.0,2019-10-31T12:50:30.008000Z
664,1.1161,1.1161200000000002,750000.0,2059999.9428,2019-10-31T12:50:30.120000Z
665,1.11609,1.1161200000000002,750000.0,4010000.2289,2019-10-31T12:50:30.344000Z
666,1.11608,1.1161200000000002,1759999.9905,4380000.1144,2019-10-31T12:50:30.445000Z
667,1.11608,1.1161200000000002,1690000.0572,2140000.1049,2019-10-31T12:50:32.200000Z
668,1.1161,1.1161200000000002,750000.0,100000.0015,2019-10-31T12:50:32.303000Z
669,1.1161,1.11613,750000.0,939999.9976,2019-10-31T12:50:32.455000Z
670,1.1161200000000002,1.11613,750000.0,819999.9928,2019-10-31T12:50:32.918000Z
671,1.1161100000000002,1.11613,750000.0,1970000.0286,2019-10-31T12:50:33.787000Z
672,1.1161,1.1161200000000002,750000.0,750000.0,2019-10-31T12:50:34.553000Z
673,1.11608,1.1161100000000002,3069999.9332,560000.0024,2019-10-31T12:50:34.604000Z
674,1.11609,1.1161100000000002,750000.0,1759999.9905,2019-10-31T12:50:35.197000Z
675,1.1161,1.1161100000000002,750000.0,259999.9905,2019-10-31T12:50:35.399000Z
676,1.1161100000000002,1.11613,750000.0,3259999.9905,2019-10-31T12:50:36.239000Z
677,1.1161200000000002,1.11613,750000.0,1120000.0048,2019-10-31T12:50:36.340000Z
678,1.1161,1.11613,2059999.9428,1490000.0095,2019-10-31T12:50:36.967000Z
679,1.1161,1.1161200000000002,750000.0,370000.0048,2019-10-31T12:50:37.371000Z
680,1.11609,1.1161200000000002,750000.0,4010000.2289,2019-10-31T12:50:37.473000Z
681,1.11609,1.1161100000000002,750000.0,2890000.1049,2019-10-31T12:50:37.846000Z
682,1.11608,1.1161,750000.0,750000.0,2019-10-31T12:50:38.395000Z
683,1.11608,1.1161100000000002,1309999.9428,939999.9976,2019-10-31T12:50:39.103000Z
684,1.11609,1.1161200000000002,750000.0,1950000.0477,2019-10-31T12:50:39.204000Z
685,1.1161,1.1161200000000002,750000.0,1870000.0048,2019-10-31T12:50:39.306000Z
686,1.11609,1.1161200000000002,750000.0,1950000.0477,2019-10-31T12:50:39.697000Z
687,1.1161,1.1161200000000002,750000.0,819999.9928,2019-10-31T12:50:39.916000Z
688,1.1161,1.11613,750000.0,1870000.0048,2019-10-31T12:50:40.018000Z
689,1.1161100000000002,1.11613,2250000.0,100000.0015,2019-10-31T12:50:41.932000Z
690,1.1161,1.1161100000000002,2440000.0572,1500000.0,2019-10-31T12:50:42.084000Z
691,1.11609,1.1161100000000002,3000000.0,1500000.0,2019-10-31T12:50:42.135000Z
692,1.1161,1.1161100000000002,750000.0,1500000.0,2019-10-31T12:50:42.253000Z
693,1.11609,1.1161100000000002,2319999.9332,1500000.0,2019-10-31T12:50:42.355000Z
694,1.1161,1.1161100000000002,750000.0,1500000.0,2019-10-31T12:50:42.456000Z
695,1.11609,1.1161100000000002,750000.0,750000.0,2019-10-31T12:50:42.557000Z
696,1.11609,1.1161200000000002,2250000.0,449999.9881,2019-10-31T12:50:42.659000Z
697,1.1161,1.1161200000000002,189999.9976,370000.0048,2019-10-31T12:50:42.761000Z
698,1.1161,1.11613,189999.9976,3450000.0477,2019-10-31T12:50:43.096000Z
699,1.1161100000000002,1.1161200000000002,189999.9976,750000.0,2019-10-31T12:50:45.629000Z
700,1.1161,1.1161200000000002,939999.9976,750000.0,2019-10-31T12:50:46.672000Z
701,1.1161100000000002,1.1161200000000002,750000.0,750000.0,2019-10-31T12:50:47.638000Z
702,1.1161,1.1161200000000002,4010000.2289,750000.0,2019-10-31T12:50:47.789000Z
703,1.1161100000000002,1.1161200000000002,750000.0,750000.0,2019-10-31T12:50:48.666000Z
704,1.1161100000000002,1.11613,750000.0,1950000.0477,2019-10-31T12:50:49.319000Z
705,1.1161100000000002,1.1161200000000002,750000.0,100000.0015,2019-10-31T12:50:49.575000Z
706,1.11608,1.1161100000000002,1120000.0048,3559999.9428,2019-10-31T12:50:49.677000Z
707,1.11608,1.1161,1500000.0,750000.0,2019-10-31T12:50:49.789000Z
708,1.11606,1.11608,750000.0,1690000.0572,2019-10-31T12:50:49.891000Z
709,1.11605,1.1160700000000001,1009999.9905,750000.0,2019-10-31T12:50:49.993000Z
710,1.11606,1.11608,750000.0,4949999.8093,2019-10-31T12:50:50.451000Z
711,1.1160700000000001,1.11608,189999.9976,750000.0,2019-10-31T12:50:51.258000Z
712,1.1160700000000001,1.11609,1690000.0572,750000.0,2019-10-31T12:50:51.807000Z
713,1.1161,1.1161100000000002,750000.0,750000.0,2019-10-31T12:50:51.909000Z
714,1.1161,1.11613,939999.9976,1200000.0477,2019-10-31T12:50:52.062000Z
715,1.1161,1.11614,1389999.9857,4010000.2289,2019-10-31T12:50:52.822000Z
716,1.1161200000000002,1.11613,750000.0,1870000.0048,2019-10-31T12:50:52.873000Z
717,1.1161100000000002,1.1161200000000002,939999.9976,750000.0,2019-10-31T12:50:53.025000Z
718,1.1161200000000002,1.11614,750000.0,370000.0048,2019-10-31T12:50:55.882000Z
719,1.1161200000000002,1.11615,1500000.0,6750000.0,2019-10-31T12:50:55.983000Z
720,1.1161100000000002,1.1161200000000002,1009999.9905,750000.0,2019-10-31T12:50:56.085000Z
721,1.1161100000000002,1.1161200000000002,189999.9976,1570000.0525,2019-10-31T12:50:56.186000Z
722,1.1161,1.1161200000000002,750000.0,1570000.0525,2019-10-31T12:50:56.287000Z
723,1.1161,1.1161100000000002,750000.0,750000.0,2019-10-31T12:50:57.046000Z
724,1.1161,1.1161200000000002,750000.0,100000.0015,2019-10-31T12:50:58.839000Z
725,1.1161,1.11613,750000.0,1950000.0477,2019-10-31T12:50:58.940000Z
726,1.1161,1.1161200000000002,939999.9976,1500000.0,2019-10-31T12:50:59.595000Z
727,1.1161,1.1161100000000002,750000.0,100000.0015,2019-10-31T12:51:00.919000Z
728,1.1161,1.1161200000000002,750000.0,2059999.9428,2019-10-31T12:51:01.199000Z
729,1.1161,1.1161100000000002,750000.0,750000.0,2019-10-31T12:51:01.445000Z
730,1.1161,1.1161200000000002,1500000.0,2890000.1049,2019-10-31T12:51:01.660000Z
731,1.1161100000000002,1.1161200000000002,750000.0,1759999.9905,2019-10-31T12:51:01.812000Z
732,1.1161,1.1161100000000002,939999.9976,100000.0015,2019-10-31T12:51:01.964000Z
733,1.1161,1.1161200000000002,750000.0,2140000.1049,2019-10-31T12:51:04.178000Z
734,1.1161,1.1161100000000002,750000.0,750000.0,2019-10-31T12:51:04.523000Z
735,1.1161,1.1161200000000002,750000.0,2250000.0,2019-10-31T12:51:05.699000Z
736,1.1161,1.1161200000000002,750000.0,2250000.0,2019-10-31T12:51:06.272000Z
737,1.1161,1.1161100000000002,750000.0,100000.0015,2019-10-31T12:51:11.409000Z
738,1.1161,1.11613,750000.0,2509999.9905,2019-10-31T12:51:11.778000Z
739,1.1161,1.1161200000000002,750000.0,1200000.0477,2019-10-31T12:51:11.880000Z
740,1.1161,1.1161100000000002,750000.0,819999.9928,2019-10-31T12:51:11.981000Z
741,1.1161,1.1161200000000002,750000.0,1200000.0477,2019-10-31T12:51:12.083000Z
742,1.1161,1.1161100000000002,750000.0,750000.0,2019-10-31T12:51:12.708000Z
743,1.1161,1.1161200000000002,750000.0,1200000.0477,2019-10-31T12:51:12.831000Z
744,1.1161100000000002,1.1161200000000002,189999.9976,750000.0,2019-10-31T12:51:12.932000Z
745,1.1161100000000002,1.11613,750000.0,750000.0,2019-10-31T12:51:13.052000Z
746,1.1161200000000002,1.11613,1870000.0048,750000.0,2019-10-31T12:51:13.153000Z
747,1.1161200000000002,1.11615,1870000.0048,370000.0048,2019-10-31T12:51:13.204000Z
748,1.11613,1.11617,3940000.0572,1759999.9905,2019-10-31T12:51:13.306000Z
749,1.11614,1.11616,939999.9976,100000.0015,2019-10-31T12:51:13.407000Z
750,1.11614,1.11617,189999.9976,1120000.0048,2019-10-31T12:51:13.508000Z
751,1.11614,1.11616,3190000.0572,750000.0,2019-10-31T12:51:14.339000Z
752,1.11614,1.11617,2440000.0572,750000.0,2019-10-31T12:51:14.440000Z
753,1.11615,1.11617,1500000.0,750000.0,2019-10-31T12:51:15.530000Z
754,1.11616,1.11618,3000000.0,100000.0015,2019-10-31T12:51:15.634000Z
755,1.11617,1.11619,1500000.0,939999.9976,2019-10-31T12:51:15.735000Z
756,1.11617,1.1162,2440000.0572,1009999.9905,2019-10-31T12:51:16.090000Z
757,1.11619,1.1162,750000.0,189999.9976,2019-10-31T12:51:16.141000Z
758,1.11617,1.1162,3559999.9428,1690000.0572,2019-10-31T12:51:16.357000Z
759,1.11619,1.1162100000000001,3190000.0572,370000.0048,2019-10-31T12:51:20.275000Z
760,1.11619,1.1162200000000002,750000.0,1759999.9905,2019-10-31T12:51:20.377000Z
761,1.11619,1.1162100000000001,2319999.9332,189999.9976,2019-10-31T12:51:20.478000Z
762,1.11619,1.1162200000000002,3190000.0572,189999.9976,2019-10-31T12:51:20.579000Z
763,1.11619,1.11623,3940000.0572,819999.9928,2019-10-31T12:51:20.840000Z
764,1.11619,1.1162200000000002,3940000.0572,750000.0,2019-10-31T12:51:21.420000Z
765,1.1162,1.1162400000000001,2250000.0,3640000.1049,2019-10-31T12:51:22.226000Z
766,1.11623,1.1162400000000001,2250000.0,1500000.0,2019-10-31T12:51:22.327000Z
767,1.1162200000000002,1.11623,1500000.0,2250000.0,2019-10-31T12:51:22.429000Z
768,1.1162200000000002,1.11623,750000.0,750000.0,2019-10-31T12:51:22.550000Z
769,1.1162200000000002,1.11623,750000.0,750000.0,2019-10-31T12:51:22.652000Z
770,1.1162,1.1162200000000002,1500000.0,1500000.0,2019-10-31T12:51:22.703000Z
771,1.1162,1.11623,750000.0,3259999.9905,2019-10-31T12:51:22.804000Z
772,1.1162,1.1162200000000002,750000.0,100000.0015,2019-10-31T12:51:22.906000Z
773,1.11619,1.1162200000000002,1500000.0,939999.9976,2019-10-31T12:51:23.007000Z
774,1.11619,1.1162100000000001,2250000.0,189999.9976,2019-10-31T12:51:23.160000Z
775,1.11619,1.1162,750000.0,100000.0015,2019-10-31T12:51:23.850000Z
776,1.11619,1.1162200000000002,750000.0,2140000.1049,2019-10-31T12:51:23.952000Z
777,1.11619,1.1162100000000001,750000.0,189999.9976,2019-10-31T12:51:24.489000Z
778,1.1162,1.1162100000000001,750000.0,750000.0,2019-10-31T12:51:25.018000Z
779,1.11619,1.1162100000000001,4690000.0572,750000.0,2019-10-31T12:51:25.119000Z
780,1.1162100000000001,1.1162200000000002,750000.0,370000.0048,2019-10-31T12:51:25.225000Z
781,1.11619,1.1162100000000001,1690000.0572,750000.0,2019-10-31T12:51:25.377000Z
782,1.11619,1.1162,2250000.0,750000.0,2019-10-31T12:51:25.630000Z
783,1.11619,1.1162100000000001,2250000.0,1500000.0,2019-10-31T12:51:25.782000Z
784,1.11619,1.1162200000000002,3190000.0572,750000.0,2019-10-31T12:51:25.968000Z
785,1.11618,1.1162200000000002,5809999.9428,259999.9905,2019-10-31T12:51:26.069000Z
786,1.11619,1.1162200000000002,100000.0015,259999.9905,2019-10-31T12:51:26.221000Z
787,1.11618,1.1162200000000002,5059999.9428,259999.9905,2019-10-31T12:51:26.322000Z
788,1.1162100000000001,1.11623,750000.0,3640000.1049,2019-10-31T12:51:26.474000Z
789,1.1162100000000001,1.1162200000000002,1690000.0572,750000.0,2019-10-31T12:51:26.677000Z
790,1.1162,1.1162100000000001,750000.0,939999.9976,2019-10-31T12:51:26.808000Z
791,1.1162,1.1162200000000002,2250000.0,100000.0015,2019-10-31T12:51:27.464000Z
792,1.1162,1.11623,3000000.0,3640000.1049,2019-10-31T12:51:27.566000Z
793,1.1162,1.1162200000000002,2250000.0,750000.0,2019-10-31T12:51:28.798000Z
794,1.11619,1.1162200000000002,750000.0,2059999.9428,2019-10-31T12:51:28.940000Z
795,1.11619,1.1162100000000001,750000.0,100000.0015,2019-10-31T12:51:29.195000Z
796,1.11619,1.1162200000000002,750000.0,2509999.9905,2019-10-31T12:51:29.297000Z
797,1.11619,1.1162100000000001,750000.0,100000.0015,2019-10-31T12:51:29.468000Z
798,1.11618,1.1162100000000001,750000.0,100000.0015,2019-10-31T12:51:30.080000Z
799,1.11618,1.1162200000000002,3750000.0,1389999.9857,2019-10-31T12:51:30.182000Z
800,1.11619,1.1162200000000002,750000.0,750000.0,2019-10-31T12:51:30.299000Z
801,1.11619,1.1162100000000001,1500000.0,939999.9976,2019-10-31T12:51:30.451000Z
802,1.1162,1.1162100000000001,750000.0,750000.0,2019-10-31T12:51:34.386000Z
803,1.11618,1.11619,750000.0,1500000.0,2019-10-31T12:51:34.488000Z
804,1.11615,1.11618,1200000.0477,1309999.9428,2019-10-31T12:51:34.628000Z
805,1.11615,1.11617,1120000.0048,100000.0015,2019-10-31T12:51:34.729000Z
806,1.11614,1.11616,819999.9928,750000.0,2019-10-31T12:51:35.058000Z
807,1.11614,1.11617,3000000.0,750000.0,2019-10-31T12:51:35.159000Z
808,1.11615,1.11617,750000.0,1570000.0525,2019-10-31T12:51:35.260000Z
809,1.11615,1.11618,750000.0,1500000.0,2019-10-31T12:51:35.444000Z
810,1.11615,1.11616,750000.0,750000.0,2019-10-31T12:51:35.853000Z
811,1.11608,1.1161,12899999.6185,189999.9976,2019-10-31T12:51:35.904000Z
812,1.1160700000000001,1.11609,2250000.0,750000.0,2019-10-31T12:51:36.006000Z
813,1.1160700000000001,1.1161,750000.0,1309999.9428,2019-10-31T12:51:36.147000Z
814,1.1160700000000001,1.11609,750000.0,100000.0015,2019-10-31T12:51:36.653000Z
815,1.1160700000000001,1.11608,750000.0,1120000.0048,2019-10-31T12:51:37.754000Z
816,1.11606,1.11608,750000.0,1120000.0048,2019-10-31T12:51:37.855000Z
817,1.11604,1.1160700000000001,2509999.9905,370000.0048,2019-10-31T12:51:38.260000Z
818,1.11604,1.11606,4500000.0,750000.0,2019-10-31T12:51:38.812000Z
819,1.11604,1.1160700000000001,2059999.9428,1120000.0048,2019-10-31T12:51:38.914000Z
820,1.11603,1.11605,370000.0048,560000.0024,2019-10-31T12:51:40.429000Z
821,1.1160200000000002,1.11605,819999.9928,1389999.9857,2019-10-31T12:51:40.530000Z
822,1.1160100000000002,1.11605,3369999.8856,1389999.9857,2019-10-31T12:51:40.684000Z
823,1.1160100000000002,1.11604,3069999.9332,100000.0015,2019-10-31T12:51:41.700000Z
824,1.1160100000000002,1.11605,3000000.0,2140000.1049,2019-10-31T12:51:42.397000Z
825,1.1160100000000002,1.11604,2319999.9332,100000.0015,2019-10-31T12:51:42.549000Z
826,1.1160100000000002,1.11605,3000000.0,2140000.1049,2019-10-31T12:51:42.651000Z
827,1.1160200000000002,1.11605,189999.9976,1759999.9905,2019-10-31T12:51:42.752000Z
828,1.1160100000000002,1.11605,3369999.8856,1759999.9905,2019-10-31T12:51:42.905000Z
829,1.1160100000000002,1.11604,4119999.8856,750000.0,2019-10-31T12:51:44.570000Z
830,1.1160100000000002,1.11604,4599999.9046,750000.0,2019-10-31T12:51:45.083000Z
831,1.1160100000000002,1.11605,6179999.8283,2700000.0477,2019-10-31T12:51:45.537000Z
832,1.1160100000000002,1.11604,6260000.2289,750000.0,2019-10-31T12:51:46.292000Z
833,1.1160200000000002,1.11605,449999.9881,2319999.9332,2019-10-31T12:51:49.293000Z
834,1.11603,1.11605,750000.0,750000.0,2019-10-31T12:51:50.541000Z
835,1.11603,1.11606,3750000.0,750000.0,2019-10-31T12:51:50.655000Z
836,1.11605,1.1160700000000001,1500000.0,750000.0,2019-10-31T12:51:50.763000Z
837,1.11604,1.11606,3190000.0572,750000.0,2019-10-31T12:51:51.893000Z
838,1.11604,1.1160700000000001,939999.9976,1309999.9428,2019-10-31T12:51:51.994000Z
839,1.11604,1.11608,3190000.0572,4389999.8665,2019-10-31T12:51:52.255000Z
840,1.11604,1.1160700000000001,1690000.0572,750000.0,2019-10-31T12:51:53.006000Z
841,1.11604,1.11606,3069999.9332,750000.0,2019-10-31T12:51:53.691000Z
842,1.1160700000000001,1.11608,370000.0048,1120000.0048,2019-10-31T12:51:55.486000Z
843,1.11606,1.1161,3190000.0572,4199999.8093,2019-10-31T12:51:55.634000Z
844,1.11608,1.1161,370000.0048,2700000.0477,2019-10-31T12:51:55.685000Z
845,1.1160700000000001,1.1161,100000.0015,1200000.0477,2019-10-31T12:51:55.787000Z
846,1.11608,1.1161,750000.0,1200000.0477,2019-10-31T12:51:55.990000Z
847,1.1160700000000001,1.1161,3750000.0,560000.0024,2019-10-31T12:51:56.143000Z
848,1.1160700000000001,1.11609,750000.0,819999.9928,2019-10-31T12:51:56.245000Z
849,1.11608,1.11609,1500000.0,750000.0,2019-10-31T12:51:57.240000Z
850,1.1160700000000001,1.11609,1570000.0525,750000.0,2019-10-31T12:51:57.342000Z
851,1.1160700000000001,1.11608,750000.0,370000.0048,2019-10-31T12:52:01.999000Z
852,1.11605,1.11608,1009999.9905,1870000.0048,2019-10-31T12:52:02.050000Z
853,1.11605,1.1160700000000001,259999.9905,939999.9976,2019-10-31T12:52:02.151000Z
854,1.11605,1.11608,1690000.0572,2250000.0,2019-10-31T12:52:02.894000Z
855,1.1160700000000001,1.1161,370000.0048,4199999.8093,2019-10-31T12:52:02.996000Z
856,1.11608,1.1161,750000.0,1870000.0048,2019-10-31T12:52:03.199000Z
857,1.1160700000000001,1.1161100000000002,3369999.8856,2140000.1049,2019-10-31T12:52:04.947000Z
858,1.11608,1.1161,1500000.0,750000.0,2019-10-31T12:52:05.048000Z
859,1.11608,1.11609,1500000.0,100000.0015,2019-10-31T12:52:05.250000Z
860,1.11608,1.1161,1500000.0,750000.0,2019-10-31T12:52:05.444000Z
861,1.11608,1.1161100000000002,1500000.0,2509999.9905,2019-10-31T12:52:05.597000Z
862,1.11608,1.11609,189999.9976,370000.0048,2019-10-31T12:52:05.851000Z
863,1.1160700000000001,1.11609,1309999.9428,370000.0048,2019-10-31T12:52:06.105000Z
864,1.1160700000000001,1.11608,189999.9976,370000.0048,2019-10-31T12:52:07.296000Z
865,1.11606,1.11608,939999.9976,370000.0048,2019-10-31T12:52:07.421000Z
866,1.11606,1.1160700000000001,750000.0,100000.0015,2019-10-31T12:52:08.295000Z
867,1.11605,1.1160700000000001,189999.9976,750000.0,2019-10-31T12:52:08.397000Z
868,1.11604,1.11606,189999.9976,1690000.0572,2019-10-31T12:52:09.569000Z
869,1.1160200000000002,1.11605,750000.0,2140000.1049,2019-10-31T12:52:09.686000Z
870,1.1160200000000002,1.11604,750000.0,100000.0015,2019-10-31T12:52:10.265000Z
871,1.1160100000000002,1.11604,1690000.0572,750000.0,2019-10-31T12:52:12.637000Z
872,1.116,1.11603,1009999.9905,4500000.0,2019-10-31T12:52:12.738000Z
873,1.116,1.1160200000000002,750000.0,2250000.0,2019-10-31T12:52:12.940000Z
874,1.11599,1.1160100000000002,189999.9976,1500000.0,2019-10-31T12:52:13.889000Z
875,1.11599,1.1160200000000002,189999.9976,1870000.0048,2019-10-31T12:52:14.363000Z
876,1.11598,1.116,819999.9928,189999.9976,2019-10-31T12:52:14.970000Z
877,1.11599,1.1160100000000002,189999.9976,2619999.8856,2019-10-31T12:52:17.433000Z
878,1.11598,1.1160100000000002,939999.9976,2250000.0,2019-10-31T12:52:19.393000Z
879,1.11599,1.11603,1690000.0572,5139999.8665,2019-10-31T12:52:21.536000Z
880,1.11599,1.1160200000000002,189999.9976,1500000.0,2019-10-31T12:52:21.672000Z
881,1.11598,1.1160200000000002,5139999.8665,4010000.2289,2019-10-31T12:52:21.773000Z
882,1.11599,1.1160200000000002,100000.0015,3190000.0572,2019-10-31T12:52:21.874000Z
883,1.11598,1.1160200000000002,4309999.9428,3190000.0572,2019-10-31T12:52:21.976000Z
884,1.11599,1.1160100000000002,750000.0,750000.0,2019-10-31T12:52:22.169000Z
885,1.11599,1.1160200000000002,750000.0,2440000.0572,2019-10-31T12:52:22.270000Z
886,1.1160100000000002,1.11603,189999.9976,819999.9928,2019-10-31T12:52:22.373000Z
887,1.1160100000000002,1.1160200000000002,189999.9976,370000.0048,2019-10-31T12:52:22.476000Z
888,1.1160100000000002,1.11603,189999.9976,1120000.0048,2019-10-31T12:52:22.578000Z
889,1.1160200000000002,1.11603,189999.9976,370000.0048,2019-10-31T12:52:23.385000Z
890,1.1160200000000002,1.11604,939999.9976,1500000.0,2019-10-31T12:52:23.487000Z
891,1.11603,1.11605,189999.9976,2059999.9428,2019-10-31T12:52:23.589000Z
892,1.11605,1.11606,189999.9976,370000.0048,2019-10-31T12:52:24.414000Z
893,1.11605,1.1160700000000001,189999.9976,1870000.0048,2019-10-31T12:52:24.465000Z
894,1.11605,1.11606,189999.9976,750000.0,2019-10-31T12:52:24.567000Z
895,1.11604,1.11606,259999.9905,750000.0,2019-10-31T12:52:24.669000Z
896,1.11603,1.11605,189999.9976,1870000.0048,2019-10-31T12:52:25.862000Z
897,1.11603,1.11604,189999.9976,750000.0,2019-10-31T12:52:26.360000Z
898,1.1160200000000002,1.11604,750000.0,750000.0,2019-10-31T12:52:27.285000Z
899,1.11603,1.11606,189999.9976,3450000.0477,2019-10-31T12:52:28.341000Z
900,1.11606,1.1160700000000001,189999.9976,1570000.0525,2019-10-31T12:52:28.443000Z
901,1.11605,1.11606,189999.9976,1500000.0,2019-10-31T12:52:28.773000Z
902,1.11603,1.11606,939999.9976,2250000.0,2019-10-31T12:52:28.824000Z
903,1.11603,1.11605,189999.9976,750000.0,2019-10-31T12:52:28.926000Z
904,1.11603,1.11604,189999.9976,1500000.0,2019-10-31T12:52:29.027000Z
905,1.1160100000000002,1.11604,560000.0024,1870000.0048,2019-10-31T12:52:29.078000Z
906,1.1160100000000002,1.11603,560000.0024,1120000.0048,2019-10-31T12:52:29.233000Z
907,1.1160100000000002,1.1160200000000002,560000.0024,750000.0,2019-10-31T12:52:31.138000Z
908,1.11599,1.1160200000000002,1690000.0572,4199999.8093,2019-10-31T12:52:31.240000Z
909,1.11599,1.1160100000000002,189999.9976,750000.0,2019-10-31T12:52:31.593000Z
910,1.11599,1.116,1500000.0,750000.0,2019-10-31T12:52:31.745000Z
911,1.11598,1.116,939999.9976,750000.0,2019-10-31T12:52:31.947000Z
912,1.11598,1.1160100000000002,939999.9976,2250000.0,2019-10-31T12:52:32.049000Z
913,1.11599,1.1160100000000002,370000.0048,2619999.8856,2019-10-31T12:52:32.962000Z
914,1.11598,1.1160100000000002,189999.9976,2700000.0477,2019-10-31T12:52:33.064000Z
915,1.11599,1.1160100000000002,189999.9976,2250000.0,2019-10-31T12:52:33.165000Z
916,1.11598,1.1160200000000002,2809999.9428,3069999.9332,2019-10-31T12:52:33.320000Z
917,1.11599,1.1160200000000002,750000.0,1500000.0,2019-10-31T12:52:33.447000Z
918,1.116,1.1160200000000002,189999.9976,1500000.0,2019-10-31T12:52:33.498000Z
919,1.116,1.11604,3190000.0572,3599999.9046,2019-10-31T12:52:35.458000Z
920,1.1160100000000002,1.11603,2809999.9428,370000.0048,2019-10-31T12:52:35.560000Z
921,1.1160100000000002,1.11604,1500000.0,3750000.0,2019-10-31T12:52:35.681000Z
922,1.116,1.1160200000000002,1570000.0525,2250000.0,2019-10-31T12:52:35.783000Z
923,1.1160100000000002,1.1160200000000002,750000.0,750000.0,2019-10-31T12:52:36.161000Z
924,1.1160100000000002,1.11603,939999.9976,1200000.0477,2019-10-31T12:52:36.906000Z
925,1.116,1.1160200000000002,1870000.0048,750000.0,2019-10-31T12:52:39.058000Z
926,1.1160100000000002,1.1160200000000002,189999.9976,370000.0048,2019-10-31T12:52:39.260000Z
927,1.1160100000000002,1.11603,189999.9976,3640000.1049,2019-10-31T12:52:39.564000Z
928,1.11599,1.11603,939999.9976,3640000.1049,2019-10-31T12:52:39.618000Z
929,1.11599,1.1160200000000002,939999.9976,100000.0015,2019-10-31T12:52:39.830000Z
930,1.11599,1.11603,939999.9976,4389999.8665,2019-10-31T12:52:40.218000Z
931,1.11599,1.1160200000000002,1690000.0572,750000.0,2019-10-31T12:52:42.003000Z
932,1.11599,1.1160100000000002,1690000.0572,100000.0015,2019-10-31T12:52:42.880000Z
933,1.1159700000000001,1.1160100000000002,3369999.8856,2890000.1049,2019-10-31T12:52:43.134000Z
934,1.1159700000000001,1.116,1870000.0048,100000.0015,2019-10-31T12:52:43.235000Z
935,1.11598,1.11599,750000.0,100000.0015,2019-10-31T12:52:43.336000Z
936,1.11598,1.116,750000.0,449999.9881,2019-10-31T12:52:43.441000Z
937,1.1159700000000001,1.11599,1690000.0572,100000.0015,2019-10-31T12:52:44.576000Z
938,1.1159700000000001,1.116,3190000.0572,1200000.0477,2019-10-31T12:52:46.133000Z
939,1.1159700000000001,1.11599,2809999.9428,100000.0015,2019-10-31T12:52:46.725000Z
940,1.1159700000000001,1.116,2059999.9428,2700000.0477,2019-10-31T12:52:46.826000Z
941,1.1159700000000001,1.11599,1870000.0048,449999.9881,2019-10-31T12:52:46.927000Z
942,1.11596,1.11598,2059999.9428,100000.0015,2019-10-31T12:52:47.028000Z
943,1.11596,1.11599,2059999.9428,2700000.0477,2019-10-31T12:52:47.527000Z
944,1.11596,1.11598,1500000.0,100000.0015,2019-10-31T12:52:47.629000Z
945,1.11596,1.1159700000000001,750000.0,449999.9881,2019-10-31T12:52:47.730000Z
946,1.11595,1.1159700000000001,4309999.9428,100000.0015,2019-10-31T12:52:47.832000Z
947,1.11595,1.11598,5809999.9428,449999.9881,2019-10-31T12:52:47.933000Z
948,1.11595,1.11596,750000.0,750000.0,2019-10-31T12:52:48.034000Z
949,1.11594,1.11595,370000.0048,1570000.0525,2019-10-31T12:52:48.138000Z
950,1.11592,1.11594,2250000.0,750000.0,2019-10-31T12:52:48.228000Z
951,1.1159100000000002,1.11594,750000.0,4949999.8093,2019-10-31T12:52:48.330000Z
952,1.1159000000000001,1.11594,5059999.9428,1200000.0477,2019-10-31T12:52:48.481000Z
953,1.1159000000000001,1.11593,5059999.9428,100000.0015,2019-10-31T12:52:48.684000Z
954,1.11592,1.11594,1500000.0,819999.9928,2019-10-31T12:52:48.835000Z
955,1.11594,1.11596,1500000.0,819999.9928,2019-10-31T12:52:49.164000Z
956,1.11595,1.1159700000000001,189999.9976,100000.0015,2019-10-31T12:52:49.266000Z
957,1.11594,1.11596,750000.0,100000.0015,2019-10-31T12:52:49.672000Z
958,1.11593,1.11596,2440000.0572,1570000.0525,2019-10-31T12:52:49.777000Z
959,1.11592,1.11594,1120000.0048,750000.0,2019-10-31T12:52:49.829000Z
960,1.11594,1.11595,1500000.0,100000.0015,2019-10-31T12:52:50.185000Z
961,1.11595,1.11598,3000000.0,449999.9881,2019-10-31T12:52:50.286000Z
962,1.11596,1.11598,750000.0,1200000.0477,2019-10-31T12:52:51Z
963,1.11595,1.11598,750000.0,4570000.1717,2019-10-31T12:52:52.042000Z
964,1.11595,1.11596,750000.0,750000.0,2019-10-31T12:52:52.093000Z
965,1.11594,1.11596,3000000.0,819999.9928,2019-10-31T12:52:52.195000Z
966,1.11594,1.11595,750000.0,1500000.0,2019-10-31T12:52:52.296000Z
967,1.11593,1.11595,750000.0,1570000.0525,2019-10-31T12:52:52.397000Z
968,1.11593,1.11594,750000.0,100000.0015,2019-10-31T12:52:52.499000Z
969,1.11593,1.11595,750000.0,1759999.9905,2019-10-31T12:52:52.701000Z
970,1.11593,1.11594,750000.0,100000.0015,2019-10-31T12:52:53.792000Z
971,1.11593,1.11595,750000.0,1759999.9905,2019-10-31T12:52:54.270000Z
972,1.11592,1.11595,3000000.0,1389999.9857,2019-10-31T12:52:55.322000Z
973,1.11592,1.11594,2250000.0,469999.9988,2019-10-31T12:52:55.575000Z
974,1.11592,1.11594,1120000.0048,1120000.0048,2019-10-31T12:52:56.582000Z
975,1.1159000000000001,1.11592,370000.0048,370000.0048,2019-10-31T12:52:57.104000Z
976,1.11588,1.1159100000000002,1120000.0048,1500000.0,2019-10-31T12:52:57.155000Z
977,1.11589,1.1159100000000002,1500000.0,1950000.0477,2019-10-31T12:52:57.517000Z
978,1.11588,1.1159100000000002,1870000.0048,1120000.0048,2019-10-31T12:52:57.618000Z
979,1.11588,1.1159000000000001,2619999.8856,100000.0015,2019-10-31T12:52:57.982000Z
980,1.1159000000000001,1.1159100000000002,1500000.0,449999.9881,2019-10-31T12:52:59.355000Z
981,1.1159000000000001,1.11592,370000.0048,449999.9881,2019-10-31T12:52:59.457000Z
982,1.11589,1.11592,3940000.0572,1200000.0477,2019-10-31T12:52:59.558000Z
983,1.1159000000000001,1.11592,750000.0,2140000.1049,2019-10-31T12:53:00.177000Z
984,1.11589,1.11592,2440000.0572,100000.0015,2019-10-31T12:53:00.851000Z
985,1.11589,1.11593,3190000.0572,1570000.0525,2019-10-31T12:53:01.745000Z
986,1.11589,1.11592,3190000.0572,819999.9928,2019-10-31T12:53:01.850000Z
987,1.11589,1.1159100000000002,2440000.0572,819999.9928,2019-10-31T12:53:01.952000Z
988,1.1159000000000001,1.1159100000000002,750000.0,819999.9928,2019-10-31T12:53:02.054000Z
989,1.11589,1.1159100000000002,189999.9976,1570000.0525,2019-10-31T12:53:02.155000Z
990,1.11589,1.1159000000000001,750000.0,100000.0015,2019-10-31T12:53:02.257000Z
991,1.11589,1.1159100000000002,750000.0,1570000.0525,2019-10-31T12:53:02.392000Z
992,1.1159000000000001,1.1159100000000002,750000.0,1500000.0,2019-10-31T12:53:05.871000Z
993,1.11589,1.11592,2809999.9428,370000.0048,2019-10-31T12:53:07.139000Z
994,1.1159000000000001,1.1159100000000002,750000.0,370000.0048,2019-10-31T12:53:07.249000Z
995,1.11589,1.1159100000000002,2059999.9428,370000.0048,2019-10-31T12:53:07.350000Z
996,1.11589,1.11592,4500000.0,750000.0,2019-10-31T12:53:10.647000Z
997,1.11592,1.11593,750000.0,100000.0015,2019-10-31T12:53:10.748000Z
998,1.1159000000000001,1.11593,1690000.0572,750000.0,2019-10-31T12:53:10.908000Z
999,1.1159000000000001,1.11592,750000.0,750000.0,2019-10-31T12:53:11.111000Z
1000,1.11589,1.11592,3190000.0572,370000.0048,2019-10-31T12:53:12.555000Z
1001,1.1159000000000001,1.11592,2619999.8856,370000.0048,2019-10-31T12:53:14.079000Z
1002,1.11589,1.11592,750000.0,3750000.0,2019-10-31T12:53:14.180000Z
1003,1.11588,1.11592,3000000.0,5889999.8665,2019-10-31T12:53:14.282000Z
1004,1.11588,1.1159000000000001,2250000.0,100000.0015,2019-10-31T12:53:14.383000Z
1005,1.11588,1.1159100000000002,750000.0,3369999.8856,2019-10-31T12:53:14.505000Z
1006,1.11589,1.11592,750000.0,2140000.1049,2019-10-31T12:53:15.149000Z
1007,1.11588,1.1159000000000001,750000.0,1120000.0048,2019-10-31T12:53:15.251000Z
1008,1.11589,1.1159100000000002,1690000.0572,100000.0015,2019-10-31T12:53:16.067000Z
1009,1.11589,1.11592,2440000.0572,750000.0,2019-10-31T12:53:16.169000Z
1010,1.1159000000000001,1.11592,189999.9976,750000.0,2019-10-31T12:53:17.474000Z
1011,1.1159100000000002,1.11592,189999.9976,370000.0048,2019-10-31T12:53:17.575000Z
1012,1.1159100000000002,1.11593,189999.9976,1009999.9905,2019-10-31T12:53:18.194000Z
1013,1.1159000000000001,1.11592,939999.9976,189999.9976,2019-10-31T12:53:18.396000Z
1014,1.1159000000000001,1.1159100000000002,189999.9976,100000.0015,2019-10-31T12:53:18.611000Z
1015,1.11588,1.1159100000000002,939999.9976,2319999.9332,2019-10-31T12:53:19.478000Z
1016,1.11588,1.1159000000000001,3190000.0572,100000.0015,2019-10-31T12:53:20.256000Z
1017,1.11589,1.11592,189999.9976,1570000.0525,2019-10-31T12:53:20.369000Z
1018,1.11592,1.11593,1309999.9428,1200000.0477,2019-10-31T12:53:20.852000Z
1019,1.11594,1.11596,1500000.0,4500000.0,2019-10-31T12:53:20.903000Z
1020,1.11594,1.11596,4869999.8856,750000.0,2019-10-31T12:53:21.005000Z
1021,1.11595,1.11596,189999.9976,750000.0,2019-10-31T12:53:21.115000Z
1022,1.11596,1.1159700000000001,939999.9976,750000.0,2019-10-31T12:53:21.267000Z
1023,1.11595,1.1159700000000001,5440000.0572,750000.0,2019-10-31T12:53:21.369000Z
1024,1.11596,1.11598,2440000.0572,750000.0,2019-10-31T12:53:21.470000Z
1025,1.1159700000000001,1.11599,3190000.0572,1870000.0048,2019-10-31T12:53:21.624000Z
1026,1.1159700000000001,1.11598,560000.0024,750000.0,2019-10-31T12:53:22.181000Z
1027,1.1159700000000001,1.11599,560000.0024,1120000.0048,2019-10-31T12:53:22.333000Z
1028,1.1159700000000001,1.11598,560000.0024,750000.0,2019-10-31T12:53:22.448000Z
1029,1.1159700000000001,1.11599,1309999.9428,1120000.0048,2019-10-31T12:53:22.549000Z
1030,1.1159700000000001,1.11599,3940000.0572,750000.0,2019-10-31T12:53:22.954000Z
1031,1.1159700000000001,1.116,3940000.0572,750000.0,2019-10-31T12:53:23.055000Z
1032,1.1159700000000001,1.11599,939999.9976,750000.0,2019-10-31T12:53:24.630000Z
1033,1.11598,1.11599,189999.9976,1500000.0,2019-10-31T12:53:25.971000Z
1034,1.11598,1.116,189999.9976,1500000.0,2019-10-31T12:53:26.257000Z
1035,1.11598,1.11599,939999.9976,100000.0015,2019-10-31T12:53:26.358000Z
1036,1.11598,1.116,939999.9976,1500000.0,2019-10-31T12:53:26.460000Z
1037,1.11599,1.1160100000000002,189999.9976,6070000.1717,2019-10-31T12:53:27.202000Z
1038,1.11598,1.116,1120000.0048,1009999.9905,2019-10-31T12:53:27.304000Z
1039,1.11599,1.116,189999.9976,750000.0,2019-10-31T12:53:27.405000Z
1040,1.11598,1.116,370000.0048,939999.9976,2019-10-31T12:53:27.845000Z
1041,1.1159700000000001,1.116,2619999.8856,939999.9976,2019-10-31T12:53:28.403000Z
1042,1.11599,1.1160100000000002,189999.9976,4570000.1717,2019-10-31T12:53:29.805000Z
1043,1.116,1.1160200000000002,939999.9976,1950000.0477,2019-10-31T12:53:29.997000Z
1044,1.11599,1.1160100000000002,189999.9976,1570000.0525,2019-10-31T12:53:30.098000Z
1045,1.11598,1.1160100000000002,2440000.0572,1950000.0477,2019-10-31T12:53:30.300000Z
1046,1.11598,1.116,1500000.0,259999.9905,2019-10-31T12:53:31.331000Z
1047,1.11598,1.11599,189999.9976,750000.0,2019-10-31T12:53:31.433000Z
1048,1.1159700000000001,1.11599,3559999.9428,750000.0,2019-10-31T12:53:32.694000Z
1049,1.1159700000000001,1.116,939999.9976,2250000.0,2019-10-31T12:53:33.694000Z
1050,1.11599,1.116,1500000.0,750000.0,2019-10-31T12:53:36.516000Z
1051,1.11598,1.116,1690000.0572,1500000.0,2019-10-31T12:53:36.625000Z
1052,1.11598,1.1160100000000002,189999.9976,2250000.0,2019-10-31T12:53:37.444000Z
1053,1.116,1.1160100000000002,750000.0,2250000.0,2019-10-31T12:53:38.796000Z
1054,1.11599,1.11603,3640000.1049,1870000.0048,2019-10-31T12:53:38.897000Z
1055,1.116,1.1160200000000002,939999.9976,750000.0,2019-10-31T12:53:39.337000Z
1056,1.116,1.11603,939999.9976,3369999.8856,2019-10-31T12:53:39.438000Z
1057,1.116,1.1160200000000002,1009999.9905,750000.0,2019-10-31T12:53:39.540000Z
1058,1.1160200000000002,1.11603,1500000.0,750000.0,2019-10-31T12:53:44.139000Z
1059,1.1160200000000002,1.11604,819999.9928,2680000.0668,2019-10-31T12:53:44.241000Z
1060,1.1160100000000002,1.11604,1009999.9905,1500000.0,2019-10-31T12:53:44.292000Z
1061,1.1160100000000002,1.1160200000000002,189999.9976,750000.0,2019-10-31T12:53:44.394000Z
1062,1.11599,1.1160200000000002,1309999.9428,3000000.0,2019-10-31T12:53:45.302000Z
1063,1.11598,1.1160200000000002,4309999.9428,4199999.8093,2019-10-31T12:53:45.505000Z
1064,1.11598,1.1160100000000002,4309999.9428,750000.0,2019-10-31T12:53:45.705000Z
1065,1.11599,1.1160100000000002,100000.0015,750000.0,2019-10-31T12:53:45.910000Z
1066,1.11598,1.1160200000000002,5139999.8665,4119999.8856,2019-10-31T12:53:46.012000Z
1067,1.116,1.11603,1120000.0048,4199999.8093,2019-10-31T12:53:46.961000Z
1068,1.1160100000000002,1.11603,1500000.0,1870000.0048,2019-10-31T12:53:47.278000Z
1069,1.116,1.11603,750000.0,2619999.8856,2019-10-31T12:53:47.380000Z
1070,1.116,1.1160200000000002,750000.0,100000.0015,2019-10-31T12:53:47.532000Z
1071,1.116,1.11603,750000.0,3450000.0477,2019-10-31T12:53:47.633000Z
1072,1.116,1.1160200000000002,750000.0,100000.0015,2019-10-31T12:53:47.735000Z
1073,1.116,1.11603,750000.0,1870000.0048,2019-10-31T12:53:47.836000Z
1074,1.11599,1.1160100000000002,750000.0,750000.0,2019-10-31T12:53:48.136000Z
1075,1.11599,1.1160200000000002,819999.9928,1570000.0525,2019-10-31T12:53:48.292000Z
1076,1.116,1.1160200000000002,100000.0015,1500000.0,2019-10-31T12:53:48.494000Z
1077,1.11599,1.1160200000000002,3559999.9428,750000.0,2019-10-31T12:53:49.471000Z
1078,1.1160100000000002,1.11603,2250000.0,100000.0015,2019-10-31T12:53:51.497000Z
1079,1.1160200000000002,1.11603,750000.0,750000.0,2019-10-31T12:53:51.599000Z
1080,1.116,1.11603,1389999.9857,2250000.0,2019-10-31T12:53:51.650000Z
1081,1.1160100000000002,1.11603,750000.0,750000.0,2019-10-31T12:53:51.818000Z
1082,1.1160100000000002,1.11604,1690000.0572,1500000.0,2019-10-31T12:53:53.246000Z
1083,1.11603,1.11604,189999.9976,100000.0015,2019-10-31T12:53:55.488000Z
1084,1.11603,1.11605,189999.9976,939999.9976,2019-10-31T12:53:56.290000Z
1085,1.11604,1.11605,1690000.0572,750000.0,2019-10-31T12:53:57.124000Z
1086,1.11605,1.1160700000000001,2250000.0,3000000.0,2019-10-31T12:53:57.212000Z
1087,1.11604,1.11606,1500000.0,750000.0,2019-10-31T12:53:58.491000Z
1088,1.11605,1.11608,750000.0,3069999.9332,2019-10-31T12:53:59.321000Z
1089,1.11606,1.1160700000000001,189999.9976,750000.0,2019-10-31T12:53:59.423000Z
1090,1.11605,1.1160700000000001,100000.0015,750000.0,2019-10-31T12:54:00.536000Z
1091,1.11604,1.1160700000000001,5510000.2289,1120000.0048,2019-10-31T12:54:01.461000Z
1092,1.11605,1.1160700000000001,100000.0015,1870000.0048,2019-10-31T12:54:01.563000Z
1093,1.11604,1.11606,2140000.1049,939999.9976,2019-10-31T12:54:01.664000Z
1094,1.11605,1.1160700000000001,1500000.0,1120000.0048,2019-10-31T12:54:01.908000Z
1095,1.11606,1.11609,2509999.9905,2140000.1049,2019-10-31T12:54:02.009000Z
1096,1.1160700000000001,1.11609,1500000.0,189999.9976,2019-10-31T12:54:02.245000Z
1097,1.11609,1.1161,750000.0,750000.0,2019-10-31T12:54:02.397000Z
1098,1.1160700000000001,1.1161,2890000.1049,939999.9976,2019-10-31T12:54:02.623000Z
1099,1.11608,1.1161,370000.0048,189999.9976,2019-10-31T12:54:02.978000Z
1100,1.1160700000000001,1.1161,1759999.9905,189999.9976,2019-10-31T12:54:03.457000Z
1101,1.11608,1.1161,750000.0,189999.9976,2019-10-31T12:54:03.609000Z
1102,1.11608,1.1161100000000002,2809999.9428,100000.0015,2019-10-31T12:54:06.569000Z
1103,1.11609,1.1161100000000002,819999.9928,939999.9976,2019-10-31T12:54:06.697000Z
1104,1.11608,1.1161,2619999.8856,370000.0048,2019-10-31T12:54:06.799000Z
1105,1.11609,1.1161100000000002,750000.0,819999.9928,2019-10-31T12:54:08.098000Z
1106,1.11609,1.1161200000000002,2700000.0477,259999.9905,2019-10-31T12:54:08.201000Z
1107,1.11609,1.11613,3640000.1049,1690000.0572,2019-10-31T12:54:08.353000Z
1108,1.1161,1.11613,819999.9928,1009999.9905,2019-10-31T12:54:08.490000Z
1109,1.1161100000000002,1.11614,3000000.0,1009999.9905,2019-10-31T12:54:09.945000Z
1110,1.1161,1.11613,100000.0015,1690000.0572,2019-10-31T12:54:10.097000Z
1111,1.11609,1.11613,3259999.9905,939999.9976,2019-10-31T12:54:10.198000Z
1112,1.1161,1.11613,750000.0,1690000.0572,2019-10-31T12:54:10.300000Z
1113,1.11609,1.11613,4010000.2289,1690000.0572,2019-10-31T12:54:10.406000Z
1114,1.1161,1.11613,100000.0015,1009999.9905,2019-10-31T12:54:11.370000Z
1115,1.11609,1.1161200000000002,819999.9928,2509999.9905,2019-10-31T12:54:11.728000Z
1116,1.11608,1.1161200000000002,4500000.0,4010000.2289,2019-10-31T12:54:11.830000Z
1117,1.11608,1.1161,3000000.0,750000.0,2019-10-31T12:54:12.207000Z
1118,1.1160700000000001,1.1161,3750000.0,1500000.0,2019-10-31T12:54:12.838000Z
1119,1.11608,1.1161,1500000.0,750000.0,2019-10-31T12:54:14.267000Z
1120,1.11608,1.1161100000000002,1570000.0525,189999.9976,2019-10-31T12:54:14.369000Z
1121,1.11608,1.1161200000000002,1570000.0525,3190000.0572,2019-10-31T12:54:14.471000Z
1122,1.11608,1.1161100000000002,819999.9928,1759999.9905,2019-10-31T12:54:14.573000Z
1123,1.1160700000000001,1.1161100000000002,3000000.0,1759999.9905,2019-10-31T12:54:14.674000Z
1124,1.11608,1.1161100000000002,100000.0015,1759999.9905,2019-10-31T12:54:14.938000Z
1125,1.1160700000000001,1.1161100000000002,3069999.9332,1690000.0572,2019-10-31T12:54:15.498000Z
1126,1.1160700000000001,1.1161,1200000.0477,939999.9976,2019-10-31T12:54:15.600000Z
1127,1.11606,1.11609,1950000.0477,3190000.0572,2019-10-31T12:54:15.702000Z
1128,1.11606,1.11608,100000.0015,750000.0,2019-10-31T12:54:15.819000Z
1129,1.11606,1.11609,100000.0015,3450000.0477,2019-10-31T12:54:16.074000Z
1130,1.1160700000000001,1.11609,370000.0048,1200000.0477,2019-10-31T12:54:16.277000Z
1131,1.11609,1.1161,370000.0048,750000.0,2019-10-31T12:54:16.379000Z
1132,1.11609,1.1161100000000002,750000.0,750000.0,2019-10-31T12:54:16.779000Z
1133,1.1161,1.1161200000000002,750000.0,819999.9928,2019-10-31T12:54:16.931000Z
1134,1.1161,1.11613,1690000.0572,750000.0,2019-10-31T12:54:17.307000Z
1135,1.1161,1.1161200000000002,1500000.0,750000.0,2019-10-31T12:54:18.136000Z
1136,1.11609,1.1161100000000002,4309999.9428,189999.9976,2019-10-31T12:54:19.666000Z
1137,1.11608,1.1161100000000002,1500000.0,189999.9976,2019-10-31T12:54:19.768000Z
1138,1.11608,1.1161,1570000.0525,939999.9976,2019-10-31T12:54:20.477000Z
1139,1.11609,1.1161,370000.0048,189999.9976,2019-10-31T12:54:22.620000Z
1140,1.11609,1.1161100000000002,1870000.0048,819999.9928,2019-10-31T12:54:22.722000Z
1141,1.11609,1.1161200000000002,2700000.0477,259999.9905,2019-10-31T12:54:22.823000Z
1142,1.11609,1.1161100000000002,1870000.0048,189999.9976,2019-10-31T12:54:23.146000Z
1143,1.11608,1.1161,1570000.0525,750000.0,2019-10-31T12:54:26.312000Z
1144,1.11608,1.1161100000000002,3750000.0,189999.9976,2019-10-31T12:54:26.905000Z
1145,1.11609,1.1161200000000002,1120000.0048,6940000.0572,2019-10-31T12:54:27.927000Z
1146,1.1161,1.1161200000000002,750000.0,3750000.0,2019-10-31T12:54:28.029000Z
1147,1.11609,1.1161200000000002,5440000.0572,3750000.0,2019-10-31T12:54:28.156000Z
1148,1.11609,1.1161100000000002,1120000.0048,189999.9976,2019-10-31T12:54:28.258000Z
1149,1.11608,1.1161100000000002,1120000.0048,2440000.0572,2019-10-31T12:54:28.595000Z
1150,1.1160700000000001,1.1161100000000002,4949999.8093,3940000.0572,2019-10-31T12:54:28.697000Z
1151,1.11606,1.11609,5510000.2289,939999.9976,2019-10-31T12:54:28.799000Z
1152,1.11606,1.11608,2440000.0572,750000.0,2019-10-31T12:54:29.203000Z
1153,1.11606,1.11609,2700000.0477,259999.9905,2019-10-31T12:54:29.365000Z
1154,1.11606,1.11608,750000.0,750000.0,2019-10-31T12:54:32.272000Z
1155,1.11605,1.11608,3000000.0,1309999.9428,2019-10-31T12:54:32.373000Z
1156,1.11606,1.11608,189999.9976,1309999.9428,2019-10-31T12:54:33.298000Z
1157,1.11605,1.1160700000000001,750000.0,189999.9976,2019-10-31T12:54:39.597000Z
1158,1.11604,1.1160700000000001,3450000.0477,189999.9976,2019-10-31T12:54:39.900000Z
1159,1.11604,1.11606,750000.0,3000000.0,2019-10-31T12:54:43.253000Z
1160,1.1160200000000002,1.11604,819999.9928,1120000.0048,2019-10-31T12:54:43.386000Z
1161,1.116,1.11603,2250000.0,3000000.0,2019-10-31T12:54:43.489000Z
1162,1.116,1.1160200000000002,1870000.0048,370000.0048,2019-10-31T12:54:45.025000Z
1163,1.11599,1.1160100000000002,750000.0,1120000.0048,2019-10-31T12:54:45.126000Z
1164,1.11598,1.1160100000000002,1570000.0525,1120000.0048,2019-10-31T12:54:45.234000Z
1165,1.116,1.1160200000000002,1500000.0,2140000.1049,2019-10-31T12:54:45.285000Z
1166,1.11599,1.1160200000000002,1500000.0,560000.0024,2019-10-31T12:54:45.843000Z
1167,1.11599,1.1160100000000002,1500000.0,370000.0048,2019-10-31T12:54:45.944000Z
1168,1.11599,1.116,750000.0,449999.9881,2019-10-31T12:54:46.399000Z
1169,1.11599,1.1160100000000002,750000.0,3640000.1049,2019-10-31T12:54:46.501000Z
1170,1.11599,1.116,750000.0,370000.0048,2019-10-31T12:54:46.892000Z
1171,1.11599,1.1160100000000002,750000.0,4010000.2289,2019-10-31T12:54:46.993000Z
1172,1.11598,1.116,3000000.0,469999.9988,2019-10-31T12:54:47.214000Z
1173,1.11599,1.116,750000.0,449999.9881,2019-10-31T12:54:47.316000Z
1174,1.116,1.1160100000000002,189999.9976,100000.0015,2019-10-31T12:54:47.939000Z
1175,1.116,1.1160200000000002,189999.9976,939999.9976,2019-10-31T12:54:48.041000Z
1176,1.116,1.11603,939999.9976,2700000.0477,2019-10-31T12:54:50.333000Z
1177,1.116,1.11604,1759999.9905,4309999.9428,2019-10-31T12:54:52.862000Z
1178,1.116,1.11603,1690000.0572,750000.0,2019-10-31T12:54:52.964000Z
1179,1.11599,1.1160200000000002,3559999.9428,750000.0,2019-10-31T12:54:53.065000Z
1180,1.116,1.1160200000000002,939999.9976,370000.0048,2019-10-31T12:54:53.645000Z
1181,1.116,1.11603,1690000.0572,1500000.0,2019-10-31T12:54:54.977000Z
1182,1.116,1.1160200000000002,1690000.0572,449999.9881,2019-10-31T12:54:57.340000Z
1183,1.11599,1.1160100000000002,750000.0,1759999.9905,2019-10-31T12:54:58.818000Z
1184,1.11598,1.1160100000000002,1870000.0048,3259999.9905,2019-10-31T12:54:58.869000Z
1185,1.11598,1.116,1500000.0,370000.0048,2019-10-31T12:54:58.972000Z
1186,1.11599,1.116,750000.0,1200000.0477,2019-10-31T12:54:59.125000Z
1187,1.11599,1.1160100000000002,2250000.0,1200000.0477,2019-10-31T12:54:59.318000Z
1188,1.11598,1.1160100000000002,3190000.0572,750000.0,2019-10-31T12:54:59.420000Z
1189,1.11598,1.116,5440000.0572,100000.0015,2019-10-31T12:54:59.568000Z
1190,1.11598,1.1160100000000002,939999.9976,750000.0,2019-10-31T12:54:59.670000Z
1191,1.1159700000000001,1.116,4570000.1717,750000.0,2019-10-31T12:54:59.974000Z
1192,1.1159700000000001,1.11599,560000.0024,189999.9976,2019-10-31T12:55:00.075000Z
1193,1.116,1.1160100000000002,750000.0,1200000.0477,2019-10-31T12:55:00.212000Z
1194,1.116,1.1160200000000002,750000.0,3259999.9905,2019-10-31T12:55:00.264000Z
1195,1.116,1.1160100000000002,939999.9976,100000.0015,2019-10-31T12:55:00.365000Z
1196,1.116,1.1160200000000002,939999.9976,2809999.9428,2019-10-31T12:55:00.467000Z
1197,1.1160100000000002,1.11603,750000.0,1200000.0477,2019-10-31T12:55:01.106000Z
1198,1.116,1.11603,1870000.0048,819999.9928,2019-10-31T12:55:01.207000Z
1199,1.11599,1.1160200000000002,1309999.9428,819999.9928,2019-10-31T12:55:01.409000Z
1200,1.11598,1.1160100000000002,189999.9976,750000.0,2019-10-31T12:55:01.511000Z
1201,1.11598,1.116,2440000.0572,750000.0,2019-10-31T12:55:02.063000Z
1202,1.11598,1.1160100000000002,2440000.0572,3069999.9332,2019-10-31T12:55:02.164000Z
1203,1.11598,1.116,2440000.0572,449999.9881,2019-10-31T12:55:02.485000Z
1204,1.11598,1.1160100000000002,2440000.0572,2319999.9332,2019-10-31T12:55:02.636000Z
1205,1.11598,1.116,3190000.0572,189999.9976,2019-10-31T12:55:03.019000Z
1206,1.11598,1.11599,2440000.0572,100000.0015,2019-10-31T12:55:03.684000Z
1207,1.11598,1.116,2440000.0572,189999.9976,2019-10-31T12:55:03.874000Z
1208,1.11598,1.11599,2440000.0572,370000.0048,2019-10-31T12:55:04.155000Z
1209,1.11599,1.1160100000000002,939999.9976,1759999.9905,2019-10-31T12:55:04.621000Z
1210,1.11598,1.116,100000.0015,370000.0048,2019-10-31T12:55:04.825000Z
1211,1.1159700000000001,1.116,259999.9905,819999.9928,2019-10-31T12:55:04.927000Z
1212,1.11596,1.11599,7010000.2289,750000.0,2019-10-31T12:55:05.029000Z
1213,1.1159700000000001,1.11599,1500000.0,750000.0,2019-10-31T12:55:05.316000Z
1214,1.11598,1.116,750000.0,1200000.0477,2019-10-31T12:55:05.468000Z
1215,1.11598,1.11599,2250000.0,100000.0015,2019-10-31T12:55:09.234000Z
1216,1.11598,1.116,2250000.0,750000.0,2019-10-31T12:55:09.336000Z
1217,1.1159700000000001,1.11599,1500000.0,3000000.0,2019-10-31T12:55:09.495000Z
1218,1.11595,1.11598,3940000.0572,370000.0048,2019-10-31T12:55:10.034000Z
1219,1.11595,1.1159700000000001,3190000.0572,750000.0,2019-10-31T12:55:10.136000Z
1220,1.11596,1.11598,1500000.0,4199999.8093,2019-10-31T12:55:10.243000Z
1221,1.11595,1.11596,1500000.0,100000.0015,2019-10-31T12:55:10.294000Z
1222,1.11595,1.1159700000000001,750000.0,449999.9881,2019-10-31T12:55:10.705000Z
1223,1.11596,1.1159700000000001,189999.9976,100000.0015,2019-10-31T12:55:10.992000Z
1224,1.11595,1.11598,939999.9976,1759999.9905,2019-10-31T12:55:11.093000Z
1225,1.11594,1.11598,5250000.0,2509999.9905,2019-10-31T12:55:11.195000Z
1226,1.11595,1.11598,1120000.0048,1570000.0525,2019-10-31T12:55:11.555000Z
1227,1.1159700000000001,1.11599,1500000.0,1570000.0525,2019-10-31T12:55:11.656000Z
1228,1.11596,1.11599,3190000.0572,1570000.0525,2019-10-31T12:55:11.757000Z
1229,1.11596,1.11598,3190000.0572,100000.0015,2019-10-31T12:55:12.234000Z
1230,1.11596,1.11599,3190000.0572,1120000.0048,2019-10-31T12:55:12.737000Z
1231,1.11596,1.1159700000000001,750000.0,750000.0,2019-10-31T12:55:14.284000Z
1232,1.11595,1.1159700000000001,750000.0,750000.0,2019-10-31T12:55:14.385000Z
1233,1.11594,1.11596,750000.0,1200000.0477,2019-10-31T12:55:19.100000Z
1234,1.11593,1.11595,2619999.8856,939999.9976,2019-10-31T12:55:19.262000Z
1235,1.11592,1.11593,3750000.0,189999.9976,2019-10-31T12:55:19.363000Z
1236,1.1159100000000002,1.11593,939999.9976,750000.0,2019-10-31T12:55:19.464000Z
1237,1.1159100000000002,1.11594,750000.0,3640000.1049,2019-10-31T12:55:19.616000Z
1238,1.1159000000000001,1.11593,1690000.0572,1570000.0525,2019-10-31T12:55:19.718000Z
1239,1.1159100000000002,1.11593,189999.9976,2440000.0572,2019-10-31T12:55:20.187000Z
1240,1.1159000000000001,1.11592,750000.0,819999.9928,2019-10-31T12:55:21.923000Z
1241,1.11589,1.11592,1500000.0,3640000.1049,2019-10-31T12:55:22.024000Z
1242,1.1159000000000001,1.1159100000000002,189999.9976,449999.9881,2019-10-31T12:55:22.126000Z
1243,1.1159000000000001,1.11592,189999.9976,3450000.0477,2019-10-31T12:55:22.227000Z
1244,1.1159100000000002,1.11592,750000.0,750000.0,2019-10-31T12:55:23.052000Z
1245,1.1159100000000002,1.11593,939999.9976,1950000.0477,2019-10-31T12:55:23.203000Z
1246,1.1159100000000002,1.11592,939999.9976,100000.0015,2019-10-31T12:55:23.658000Z
1247,1.1159000000000001,1.11592,5440000.0572,469999.9988,2019-10-31T12:55:23.899000Z
1248,1.1159100000000002,1.11593,939999.9976,1200000.0477,2019-10-31T12:55:23.950000Z
1249,1.1159100000000002,1.11592,1309999.9428,100000.0015,2019-10-31T12:55:24.051000Z
1250,1.11592,1.11593,750000.0,819999.9928,2019-10-31T12:55:24.152000Z
1251,1.1159100000000002,1.11592,750000.0,100000.0015,2019-10-31T12:55:25.181000Z
1252,1.1159100000000002,1.11593,1500000.0,2250000.0,2019-10-31T12:55:25.292000Z
1253,1.1159100000000002,1.11592,750000.0,750000.0,2019-10-31T12:55:26.043000Z
1254,1.1159000000000001,1.11592,3190000.0572,750000.0,2019-10-31T12:55:28.303000Z
1255,1.11589,1.11592,6190000.0572,750000.0,2019-10-31T12:55:29.866000Z
1256,1.1159100000000002,1.11592,189999.9976,750000.0,2019-10-31T12:55:29.968000Z
1257,1.1159000000000001,1.11592,1500000.0,750000.0,2019-10-31T12:55:30.074000Z
1258,1.11589,1.11592,3559999.9428,750000.0,2019-10-31T12:55:30.799000Z
1259,1.1159000000000001,1.11592,1500000.0,750000.0,2019-10-31T12:55:30.951000Z
1260,1.11589,1.1159100000000002,750000.0,189999.9976,2019-10-31T12:55:32.057000Z
1261,1.1159000000000001,1.11592,189999.9976,3819999.9332,2019-10-31T12:55:32.159000Z
1262,1.11589,1.1159100000000002,2250000.0,189999.9976,2019-10-31T12:55:32.260000Z
1263,1.11589,1.1159000000000001,1500000.0,100000.0015,2019-10-31T12:55:32.362000Z
1264,1.11585,1.1158700000000001,750000.0,2250000.0,2019-10-31T12:55:32.463000Z
1265,1.11585,1.11586,750000.0,370000.0048,2019-10-31T12:55:32.569000Z
1266,1.1158299999999999,1.11584,370000.0048,750000.0,2019-10-31T12:55:32.620000Z
1267,1.11582,1.1158299999999999,3000000.0,5059999.9428,2019-10-31T12:55:32.671000Z
1268,1.11579,1.1158100000000002,750000.0,750000.0,2019-10-31T12:55:32.724000Z
1269,1.11578,1.1158000000000001,970000.0286,750000.0,2019-10-31T12:55:32.775000Z
1270,1.1157700000000002,1.1158000000000001,1500000.0,4010000.2289,2019-10-31T12:55:32.876000Z
1271,1.1158000000000001,1.1158100000000002,3190000.0572,819999.9928,2019-10-31T12:55:33.854000Z
1272,1.11582,1.11584,750000.0,819999.9928,2019-10-31T12:55:33.955000Z
1273,1.1158100000000002,1.11584,4760000.2289,750000.0,2019-10-31T12:55:34.157000Z
1274,1.1158100000000002,1.1158299999999999,189999.9976,1120000.0048,2019-10-31T12:55:34.627000Z
1275,1.1158000000000001,1.1158299999999999,2250000.0,2250000.0,2019-10-31T12:55:34.728000Z
1276,1.1158000000000001,1.1158100000000002,100000.0015,750000.0,2019-10-31T12:55:34.880000Z
1277,1.11578,1.11579,750000.0,750000.0,2019-10-31T12:55:34.931000Z
1278,1.11576,1.11579,3069999.9332,1500000.0,2019-10-31T12:55:35.071000Z
1279,1.1157700000000002,1.11579,1500000.0,750000.0,2019-10-31T12:55:35.173000Z
1280,1.1157700000000002,1.1158000000000001,2509999.9905,939999.9976,2019-10-31T12:55:35.274000Z
1281,1.11578,1.1158000000000001,100000.0015,750000.0,2019-10-31T12:55:35.375000Z
1282,1.1157700000000002,1.1158000000000001,2509999.9905,750000.0,2019-10-31T12:55:35.476000Z
1283,1.11579,1.1158000000000001,750000.0,750000.0,2019-10-31T12:55:35.712000Z
1284,1.1158100000000002,1.11582,939999.9976,750000.0,2019-10-31T12:55:35.763000Z
1285,1.11582,1.1158299999999999,1500000.0,750000.0,2019-10-31T12:55:36.117000Z
1286,1.1158100000000002,1.11582,1500000.0,750000.0,2019-10-31T12:55:36.218000Z
1287,1.11579,1.11582,3190000.0572,3000000.0,2019-10-31T12:55:36.386000Z
1288,1.11579,1.1158100000000002,189999.9976,750000.0,2019-10-31T12:55:36.489000Z
1289,1.11579,1.11582,3259999.9905,1870000.0048,2019-10-31T12:55:36.641000Z
1290,1.1158000000000001,1.1158299999999999,3559999.9428,1500000.0,2019-10-31T12:55:37.045000Z
1291,1.1158000000000001,1.11582,1879999.9952,3750000.0,2019-10-31T12:55:37.197000Z
1292,1.1157700000000002,1.1158000000000001,1759999.9905,750000.0,2019-10-31T12:55:37.349000Z
