,bid,ask,bid_vol,ask_vol,time
0,1.13781,1.13783,1000000.0,8439999.5804,2019-06-28T12:45:01.105000Z
1,1.1378000000000001,1.13783,1000000.0,5440000.0572,2019-06-28T12:45:01.237000Z
2,1.1378000000000001,1.13782,1000000.0,1000000.0,2019-06-28T12:45:01.833000Z
3,1.13779,1.13782,8260000.2289,1000000.0,2019-06-28T12:45:03.356000Z
4,1.1378000000000001,1.13782,1200000.0477,1000000.0,2019-06-28T12:45:04.705000Z
5,1.13779,1.13782,7880000.1144,1000000.0,2019-06-28T12:45:04.808000Z
6,1.1378000000000001,1.13782,1950000.0477,1000000.0,2019-06-28T12:45:05.234000Z
7,1.13781,1.13783,1000000.0,1100000.0238,2019-06-28T12:45:05.394000Z
8,1.13781,1.13784,1690000.0572,5659999.8474,2019-06-28T12:45:05.496000Z
9,1.1378000000000001,1.13783,1309999.9428,4500000.0,2019-06-28T12:45:08.109000Z
10,1.13779,1.13782,1500000.0,2509999.9905,2019-06-28T12:45:10.047000Z
11,1.13779,1.13783,2440000.0572,6639999.8665,2019-06-28T12:45:10.209000Z
12,1.13779,1.13782,3190000.0572,1000000.0,2019-06-28T12:45:10.311000Z
13,1.1378000000000001,1.13783,1000000.0,7139999.8665,2019-06-28T12:45:10.424000Z
14,1.13781,1.13783,1000000.0,6010000.2289,2019-06-28T12:45:10.678000Z
15,1.1378000000000001,1.13783,1000000.0,4760000.2289,2019-06-28T12:45:10.831000Z
16,1.1378000000000001,1.13783,2809999.9428,4639999.8665,2019-06-28T12:45:11.579000Z
17,1.1378000000000001,1.13783,2619999.8856,6070000.1717,2019-06-28T12:45:11.681000Z
18,1.13781,1.13782,1500000.0,1000000.0,2019-06-28T12:45:11.934000Z
19,1.13781,1.13783,1690000.0572,1870000.0048,2019-06-28T12:45:12.137000Z
20,1.13781,1.13782,1250000.0,1000000.0,2019-06-28T12:45:12.634000Z
21,1.13781,1.13783,1250000.0,2140000.1049,2019-06-28T12:45:12.768000Z
22,1.13782,1.13783,1000000.0,1000000.0,2019-06-28T12:45:13.715000Z
23,1.13782,1.13785,1100000.0238,2509999.9905,2019-06-28T12:45:13.855000Z
24,1.1378000000000001,1.13782,4869999.8856,2119999.8856,2019-06-28T12:45:13.957000Z
25,1.13776,1.13778,8890000.3433,1000000.0,2019-06-28T12:45:14.059000Z
26,1.13774,1.13775,1000000.0,1250000.0,2019-06-28T12:45:14.161000Z
27,1.13773,1.13775,2440000.0572,1690000.0572,2019-06-28T12:45:14.266000Z
28,1.13772,1.13776,3069999.9332,1690000.0572,2019-06-28T12:45:14.368000Z
29,1.13771,1.13776,12369999.8856,2440000.0572,2019-06-28T12:45:15.308000Z
30,1.13773,1.13776,3000000.0,2440000.0572,2019-06-28T12:45:15.730000Z
31,1.13772,1.13776,4570000.1717,1690000.0572,2019-06-28T12:45:15.837000Z
32,1.13773,1.13776,1000000.0,3190000.0572,2019-06-28T12:45:15.989000Z
33,1.13774,1.13776,1500000.0,1389999.9857,2019-06-28T12:45:16.091000Z
34,1.13774,1.1377700000000002,1250000.0,1309999.9428,2019-06-28T12:45:16.193000Z
35,1.13775,1.1377700000000002,1100000.0238,2059999.9428,2019-06-28T12:45:16.295000Z
36,1.13774,1.1377700000000002,1309999.9428,1250000.0,2019-06-28T12:45:17.407000Z
37,1.13773,1.1377700000000002,1690000.0572,1009999.9905,2019-06-28T12:45:18.351000Z
38,1.13774,1.1377700000000002,1000000.0,3190000.0572,2019-06-28T12:45:18.684000Z
39,1.13773,1.1377700000000002,2509999.9905,1250000.0,2019-06-28T12:45:18.786000Z
40,1.13774,1.1377700000000002,3640000.1049,1419999.9571,2019-06-28T12:45:21.450000Z
41,1.13775,1.13778,3190000.0572,1970000.0286,2019-06-28T12:45:21.552000Z
42,1.13775,1.13778,2500000.0,1250000.0,2019-06-28T12:45:21.654000Z
43,1.13774,1.13778,6639999.8665,4690000.0572,2019-06-28T12:45:21.705000Z
44,1.13774,1.1377700000000002,3190000.0572,1000000.0,2019-06-28T12:45:21.848000Z
45,1.13773,1.1377700000000002,5050000.1907,2720000.0286,2019-06-28T12:45:22.257000Z
46,1.13773,1.1377700000000002,4610000.1335,3190000.0572,2019-06-28T12:45:22.359000Z
47,1.13773,1.1377700000000002,8420000.0763,1000000.0,2019-06-28T12:45:22.511000Z
48,1.13774,1.13776,1690000.0572,1000000.0,2019-06-28T12:45:23.922000Z
49,1.13776,1.13778,2619999.8856,1100000.0238,2019-06-28T12:45:23.974000Z
50,1.13776,1.13779,1309999.9428,1000000.0,2019-06-28T12:45:24.077000Z
51,1.1377700000000002,1.13779,2250000.0,1000000.0,2019-06-28T12:45:24.245000Z
52,1.1377700000000002,1.13781,1500000.0,14699999.8093,2019-06-28T12:45:24.347000Z
53,1.1377700000000002,1.13781,1759999.9905,3559999.9428,2019-06-28T12:45:28.209000Z
54,1.1377700000000002,1.1378000000000001,2210000.0381,1000000.0,2019-06-28T12:45:28.311000Z
55,1.13778,1.1378000000000001,1950000.0477,1000000.0,2019-06-28T12:45:29.215000Z
56,1.1377700000000002,1.1378000000000001,4090000.1526,1500000.0,2019-06-28T12:45:29.317000Z
57,1.13775,1.1377700000000002,3359999.8951,1000000.0,2019-06-28T12:45:30.467000Z
58,1.13773,1.13776,1750000.0,2250000.0,2019-06-28T12:45:30.518000Z
59,1.13772,1.13776,2200000.0477,1600000.0238,2019-06-28T12:45:30.621000Z
60,1.13772,1.13775,1500000.0,2289999.9619,2019-06-28T12:45:30.774000Z
61,1.13773,1.13775,1000000.0,2619999.8856,2019-06-28T12:45:31.691000Z
62,1.13772,1.13775,2250000.0,1940000.0572,2019-06-28T12:45:31.793000Z
63,1.13773,1.13775,1000000.0,4190000.0572,2019-06-28T12:45:32.975000Z
64,1.13773,1.13775,1000000.0,1870000.0048,2019-06-28T12:45:33.086000Z
65,1.13772,1.13775,2250000.0,1940000.0572,2019-06-28T12:45:33.145000Z
66,1.13772,1.13775,2250000.0,1120000.0048,2019-06-28T12:45:33.938000Z
67,1.13773,1.13775,1000000.0,2250000.0,2019-06-28T12:45:34.903000Z
68,1.13772,1.13775,1690000.0572,1000000.0,2019-06-28T12:45:35.056000Z
69,1.13772,1.13776,1690000.0572,8359999.6567,2019-06-28T12:45:35.158000Z
70,1.13773,1.13776,1000000.0,9239999.7711,2019-06-28T12:45:35.296000Z
71,1.13772,1.13776,1690000.0572,9489999.7711,2019-06-28T12:45:35.454000Z
72,1.13772,1.13775,1690000.0572,1500000.0,2019-06-28T12:45:35.556000Z
73,1.13772,1.13775,1500000.0,1500000.0,2019-06-28T12:45:35.915000Z
74,1.13772,1.13776,1950000.0477,8319999.6948,2019-06-28T12:45:36.122000Z
75,1.13772,1.13775,2319999.9332,3890000.1049,2019-06-28T12:45:37.083000Z
76,1.13772,1.13775,2319999.9332,1389999.9857,2019-06-28T12:45:37.184000Z
77,1.13773,1.13775,1000000.0,1389999.9857,2019-06-28T12:45:37.336000Z
78,1.13772,1.13775,2319999.9332,1389999.9857,2019-06-28T12:45:37.473000Z
79,1.13773,1.13776,1000000.0,10260000.2289,2019-06-28T12:45:37.574000Z
80,1.13772,1.13775,1570000.0525,1389999.9857,2019-06-28T12:45:37.712000Z
81,1.13773,1.13776,1000000.0,9489999.7711,2019-06-28T12:45:39.487000Z
82,1.13772,1.13775,1500000.0,1120000.0048,2019-06-28T12:45:39.589000Z
83,1.13772,1.13776,2190000.0572,4420000.0763,2019-06-28T12:45:40.300000Z
84,1.13772,1.13776,1690000.0572,6110000.1335,2019-06-28T12:45:40.656000Z
85,1.13772,1.13776,1500000.0,6800000.1907,2019-06-28T12:45:40.859000Z
86,1.13772,1.13774,1500000.0,1000000.0,2019-06-28T12:45:41.529000Z
87,1.13772,1.13775,1500000.0,1120000.0048,2019-06-28T12:45:41.630000Z
88,1.13772,1.13774,3000000.0,1000000.0,2019-06-28T12:45:41.733000Z
89,1.13772,1.13775,2250000.0,1120000.0048,2019-06-28T12:45:41.835000Z
90,1.13772,1.13774,2250000.0,1000000.0,2019-06-28T12:45:41.996000Z
91,1.13772,1.13775,2250000.0,1120000.0048,2019-06-28T12:45:42.289000Z
92,1.13773,1.13775,1309999.9428,1120000.0048,2019-06-28T12:45:42.392000Z
93,1.13773,1.13776,1500000.0,2200000.0477,2019-06-28T12:45:42.598000Z
94,1.13772,1.13776,5440000.0572,5070000.1717,2019-06-28T12:45:44.762000Z
95,1.13774,1.13776,1870000.0048,1450000.0477,2019-06-28T12:45:45.161000Z
96,1.13774,1.1377700000000002,5440000.0572,5199999.8093,2019-06-28T12:45:45.286000Z
97,1.13774,1.13775,1000000.0,1000000.0,2019-06-28T12:45:45.543000Z
98,1.13773,1.13775,2250000.0,1000000.0,2019-06-28T12:45:45.646000Z
99,1.13774,1.13776,1000000.0,4789999.9619,2019-06-28T12:45:46.767000Z
100,1.13774,1.13776,1000000.0,2440000.0572,2019-06-28T12:45:47.403000Z
101,1.13774,1.13775,1000000.0,1000000.0,2019-06-28T12:45:48.066000Z
102,1.13773,1.13775,1570000.0525,1000000.0,2019-06-28T12:45:48.226000Z
103,1.13772,1.13774,6969999.7902,1000000.0,2019-06-28T12:45:48.552000Z
104,1.13774,1.13776,1120000.0048,4750000.0,2019-06-28T12:45:49.657000Z
105,1.13775,1.13778,5889999.8665,3190000.0572,2019-06-28T12:45:49.759000Z
106,1.13775,1.13779,5510000.2289,12939999.5804,2019-06-28T12:45:49.908000Z
107,1.13775,1.13779,4409999.8474,3190000.0572,2019-06-28T12:45:50.011000Z
108,1.13775,1.13778,4409999.8474,1000000.0,2019-06-28T12:45:50.232000Z
109,1.13775,1.1377700000000002,2140000.1049,1250000.0,2019-06-28T12:45:50.334000Z
110,1.13776,1.1377700000000002,1000000.0,1250000.0,2019-06-28T12:45:50.539000Z
111,1.13774,1.13776,1950000.0477,1000000.0,2019-06-28T12:45:50.799000Z
112,1.13774,1.1377700000000002,1100000.0238,3940000.0572,2019-06-28T12:45:50.901000Z
113,1.13773,1.1377700000000002,1250000.0,3859999.8951,2019-06-28T12:45:51.003000Z
114,1.13773,1.1377700000000002,1759999.9905,4789999.9619,2019-06-28T12:45:52.178000Z
115,1.13773,1.1377700000000002,3640000.1049,7309999.9428,2019-06-28T12:45:52.350000Z
116,1.13773,1.1377700000000002,5539999.9619,6260000.2289,2019-06-28T12:45:52.774000Z
117,1.13773,1.1377700000000002,1309999.9428,3640000.1049,2019-06-28T12:45:52.876000Z
118,1.13773,1.1377700000000002,1759999.9905,4039999.9619,2019-06-28T12:45:53.239000Z
119,1.13773,1.1377700000000002,3700000.0477,1690000.0572,2019-06-28T12:45:53.797000Z
120,1.13774,1.13778,6940000.0572,2140000.1049,2019-06-28T12:45:54.002000Z
121,1.13775,1.13778,2250000.0,4510000.2289,2019-06-28T12:45:54.104000Z
122,1.13774,1.1377700000000002,5440000.0572,1120000.0048,2019-06-28T12:45:54.316000Z
123,1.13775,1.1377700000000002,1500000.0,1120000.0048,2019-06-28T12:45:57.993000Z
124,1.1377700000000002,1.1378000000000001,1250000.0,7719999.7902,2019-06-28T12:45:58.146000Z
125,1.13779,1.13782,1000000.0,6199999.8093,2019-06-28T12:45:58.363000Z
126,1.13778,1.13782,1500000.0,2950000.0477,2019-06-28T12:45:58.465000Z
127,1.13778,1.13782,1820000.0525,2119999.8856,2019-06-28T12:45:59.617000Z
128,1.13778,1.13782,1570000.0525,3619999.8856,2019-06-28T12:45:59.828000Z
129,1.13779,1.13781,1000000.0,1690000.0572,2019-06-28T12:46:00.134000Z
130,1.13778,1.13782,1500000.0,3700000.0477,2019-06-28T12:46:00.390000Z
131,1.13778,1.13781,1000000.0,1750000.0,2019-06-28T12:46:04.298000Z
132,1.13778,1.13781,1000000.0,2440000.0572,2019-06-28T12:46:04.462000Z
133,1.1377700000000002,1.13781,4760000.2289,2289999.9619,2019-06-28T12:46:06.067000Z
134,1.13778,1.1378000000000001,1000000.0,1000000.0,2019-06-28T12:46:06.173000Z
135,1.13778,1.13781,1000000.0,1909999.9666,2019-06-28T12:46:07.919000Z
136,1.1377700000000002,1.1378000000000001,3190000.0572,1000000.0,2019-06-28T12:46:08.808000Z
137,1.13776,1.13779,14420000.0763,1000000.0,2019-06-28T12:46:08.911000Z
138,1.13776,1.1378000000000001,7670000.0763,3000000.0,2019-06-28T12:46:09.014000Z
139,1.13776,1.13778,1000000.0,1500000.0,2019-06-28T12:46:09.541000Z
140,1.13775,1.13778,1690000.0572,2619999.8856,2019-06-28T12:46:09.642000Z
141,1.13775,1.1377700000000002,3000000.0,1500000.0,2019-06-28T12:46:09.947000Z
142,1.13774,1.1377700000000002,1250000.0,4500000.0,2019-06-28T12:46:10.663000Z
143,1.13774,1.1377700000000002,1250000.0,4969999.7902,2019-06-28T12:46:10.764000Z
144,1.13774,1.1377700000000002,1690000.0572,1500000.0,2019-06-28T12:46:11.716000Z
145,1.13774,1.1377700000000002,1250000.0,4170000.0763,2019-06-28T12:46:12.357000Z
146,1.13773,1.1377700000000002,3700000.0477,1000000.0,2019-06-28T12:46:12.637000Z
147,1.13774,1.13778,1870000.0048,8170000.0763,2019-06-28T12:46:12.975000Z
148,1.13774,1.1377700000000002,1870000.0048,1870000.0048,2019-06-28T12:46:13.077000Z
149,1.13774,1.13776,1250000.0,1000000.0,2019-06-28T12:46:14.020000Z
150,1.13774,1.13778,1250000.0,7010000.2289,2019-06-28T12:46:15.220000Z
151,1.13774,1.1377700000000002,1250000.0,1000000.0,2019-06-28T12:46:15.383000Z
152,1.13774,1.13778,1690000.0572,6260000.2289,2019-06-28T12:46:16.249000Z
153,1.13774,1.1377700000000002,6190000.0572,1000000.0,2019-06-28T12:46:16.350000Z
154,1.13774,1.13778,3190000.0572,7010000.2289,2019-06-28T12:46:16.452000Z
155,1.13774,1.13775,3750000.0,1000000.0,2019-06-28T12:46:16.807000Z
156,1.13773,1.13775,3819999.9332,2250000.0,2019-06-28T12:46:16.922000Z
157,1.13772,1.13773,3859999.8951,1120000.0048,2019-06-28T12:46:21.049000Z
158,1.13771,1.13774,2619999.8856,1250000.0,2019-06-28T12:46:21.151000Z
159,1.13771,1.13773,3119999.8856,1000000.0,2019-06-28T12:46:21.430000Z
160,1.13771,1.13774,1990000.0095,2099999.9046,2019-06-28T12:46:21.531000Z
161,1.13771,1.13774,2089999.9142,1500000.0,2019-06-28T12:46:21.759000Z
162,1.13773,1.13774,1000000.0,1000000.0,2019-06-28T12:46:21.912000Z
163,1.13773,1.13776,1500000.0,1309999.9428,2019-06-28T12:46:22.072000Z
164,1.13772,1.13776,5699999.8093,2049999.9523,2019-06-28T12:46:22.470000Z
165,1.13772,1.13775,8750000.0,1690000.0572,2019-06-28T12:46:22.521000Z
166,1.13772,1.13776,4949999.8093,2119999.8856,2019-06-28T12:46:22.572000Z
167,1.13773,1.13775,1000000.0,1250000.0,2019-06-28T12:46:22.674000Z
168,1.13772,1.13774,1000000.0,1000000.0,2019-06-28T12:46:22.822000Z
169,1.13771,1.13774,3859999.8951,1000000.0,2019-06-28T12:46:22.974000Z
170,1.13772,1.13774,1000000.0,1500000.0,2019-06-28T12:46:23.076000Z
171,1.13771,1.13773,6559999.9428,1000000.0,2019-06-28T12:46:24.222000Z
172,1.13771,1.13773,3210000.0381,1000000.0,2019-06-28T12:46:24.824000Z
173,1.13771,1.13773,1610000.0143,1000000.0,2019-06-28T12:46:24.926000Z
174,1.13771,1.13773,3019999.9809,1000000.0,2019-06-28T12:46:25.027000Z
175,1.13771,1.13773,1419999.9571,1000000.0,2019-06-28T12:46:25.368000Z
176,1.13771,1.13773,3769999.9809,1000000.0,2019-06-28T12:46:25.554000Z
177,1.13771,1.13773,1419999.9571,1000000.0,2019-06-28T12:46:26.104000Z
178,1.13771,1.13773,3400000.0954,1000000.0,2019-06-28T12:46:26.912000Z
179,1.13771,1.13772,2549999.9523,1000000.0,2019-06-28T12:46:27.014000Z
180,1.1377000000000002,1.13773,9390000.3433,1000000.0,2019-06-28T12:46:27.771000Z
181,1.13773,1.13775,3750000.0,1570000.0525,2019-06-28T12:46:27.873000Z
182,1.13775,1.1377700000000002,5849999.9046,1500000.0,2019-06-28T12:46:27.924000Z
183,1.13776,1.1377700000000002,1000000.0,1500000.0,2019-06-28T12:46:28.649000Z
184,1.13775,1.1377700000000002,1500000.0,1500000.0,2019-06-28T12:46:28.750000Z
185,1.13774,1.13775,2250000.0,2619999.8856,2019-06-28T12:46:29.370000Z
186,1.13772,1.13775,3190000.0572,3970000.0286,2019-06-28T12:46:29.472000Z
187,1.13772,1.13774,4239999.7711,1000000.0,2019-06-28T12:46:29.647000Z
188,1.13771,1.13774,3559999.9428,1870000.0048,2019-06-28T12:46:30.251000Z
189,1.13771,1.13773,2059999.9428,1100000.0238,2019-06-28T12:46:30.724000Z
190,1.13771,1.13774,1690000.0572,1120000.0048,2019-06-28T12:46:31.483000Z
191,1.13772,1.13774,3000000.0,1870000.0048,2019-06-28T12:46:31.585000Z
192,1.13772,1.13774,2750000.0,1870000.0048,2019-06-28T12:46:31.687000Z
193,1.1377000000000002,1.13772,11140000.3433,1500000.0,2019-06-28T12:46:31.977000Z
194,1.1377000000000002,1.13772,5059999.9428,1000000.0,2019-06-28T12:46:32.078000Z
195,1.1377000000000002,1.13773,3559999.9428,4349999.9046,2019-06-28T12:46:32.194000Z
196,1.1377000000000002,1.13773,6309999.9428,2250000.0,2019-06-28T12:46:32.448000Z
197,1.1377000000000002,1.13773,1690000.0572,1500000.0,2019-06-28T12:46:32.549000Z
198,1.1377000000000002,1.13773,1250000.0,2099999.9046,2019-06-28T12:46:33.436000Z
199,1.13772,1.13775,1250000.0,2140000.1049,2019-06-28T12:46:33.570000Z
200,1.13772,1.13775,2440000.0572,1000000.0,2019-06-28T12:46:34.364000Z
201,1.13772,1.13776,2440000.0572,7389999.8665,2019-06-28T12:46:35.309000Z
202,1.13772,1.13775,2440000.0572,1000000.0,2019-06-28T12:46:35.598000Z
203,1.13773,1.13775,1000000.0,1500000.0,2019-06-28T12:46:35.906000Z
204,1.13772,1.13774,1690000.0572,1120000.0048,2019-06-28T12:46:36.772000Z
205,1.13771,1.13773,1250000.0,1000000.0,2019-06-28T12:46:36.924000Z
206,1.1377000000000002,1.13773,5289999.9619,1000000.0,2019-06-28T12:46:38.014000Z
207,1.13771,1.13773,1000000.0,1220000.0286,2019-06-28T12:46:38.924000Z
208,1.1377000000000002,1.13772,1690000.0572,1100000.0238,2019-06-28T12:46:39.077000Z
209,1.1377000000000002,1.13773,1500000.0,5570000.1717,2019-06-28T12:46:39.179000Z
210,1.13769,1.13772,3039999.9619,3470000.0286,2019-06-28T12:46:39.304000Z
211,1.13768,1.13772,2509999.9905,5659999.8474,2019-06-28T12:46:39.407000Z
212,1.1376700000000002,1.1377000000000002,6309999.9428,1000000.0,2019-06-28T12:46:39.459000Z
213,1.1376700000000002,1.1377000000000002,3940000.0572,2250000.0,2019-06-28T12:46:39.562000Z
214,1.1376700000000002,1.13768,1000000.0,1000000.0,2019-06-28T12:46:39.765000Z
215,1.1376600000000001,1.1377000000000002,1570000.0525,4449999.8093,2019-06-28T12:46:39.869000Z
216,1.13765,1.1376600000000001,6639999.8665,1000000.0,2019-06-28T12:46:40.172000Z
217,1.13763,1.1376600000000001,3819999.9332,1200000.0477,2019-06-28T12:46:40.320000Z
218,1.13764,1.1376700000000002,1309999.9428,2319999.9332,2019-06-28T12:46:41.177000Z
219,1.13765,1.13768,6190000.0572,1100000.0238,2019-06-28T12:46:43.197000Z
220,1.13768,1.1377000000000002,2440000.0572,1000000.0,2019-06-28T12:46:43.300000Z
221,1.13768,1.13771,4010000.2289,1120000.0048,2019-06-28T12:46:43.414000Z
222,1.13769,1.13771,1000000.0,1870000.0048,2019-06-28T12:46:44.142000Z
223,1.13768,1.13771,7610000.1335,1120000.0048,2019-06-28T12:46:44.296000Z
224,1.13769,1.13771,1000000.0,1870000.0048,2019-06-28T12:46:44.713000Z
225,1.13768,1.13771,6860000.1335,1120000.0048,2019-06-28T12:46:44.814000Z
226,1.13769,1.13771,1000000.0,1870000.0048,2019-06-28T12:46:45.834000Z
227,1.13768,1.13771,4760000.2289,1120000.0048,2019-06-28T12:46:46.291000Z
228,1.13769,1.13771,1000000.0,1870000.0048,2019-06-28T12:46:46.843000Z
229,1.13768,1.13771,4760000.2289,1120000.0048,2019-06-28T12:46:47.073000Z
230,1.13769,1.13771,1000000.0,1870000.0048,2019-06-28T12:46:47.223000Z
231,1.13768,1.13771,4760000.2289,1120000.0048,2019-06-28T12:46:47.345000Z
232,1.13769,1.13771,1000000.0,1870000.0048,2019-06-28T12:46:47.447000Z
233,1.13768,1.13771,2440000.0572,1000000.0,2019-06-28T12:46:48.015000Z
234,1.1376700000000002,1.1377000000000002,2569999.9332,1000000.0,2019-06-28T12:46:49.076000Z
235,1.1376600000000001,1.13769,2250000.0,2440000.0572,2019-06-28T12:46:49.438000Z
236,1.1376700000000002,1.13769,1750000.0,1000000.0,2019-06-28T12:46:50.238000Z
237,1.1376700000000002,1.1377000000000002,5010000.2289,2250000.0,2019-06-28T12:46:50.408000Z
238,1.1376700000000002,1.13769,1350000.0238,1500000.0,2019-06-28T12:46:51.534000Z
239,1.1376600000000001,1.13768,3450000.0477,1000000.0,2019-06-28T12:46:51.586000Z
240,1.1376600000000001,1.13769,1000000.0,2440000.0572,2019-06-28T12:46:51.687000Z
241,1.13765,1.13768,1690000.0572,1000000.0,2019-06-28T12:46:53.024000Z
242,1.13765,1.1376700000000002,1009999.9905,1000000.0,2019-06-28T12:46:54.733000Z
243,1.1376600000000001,1.13769,1500000.0,7010000.2289,2019-06-28T12:46:57.277000Z
244,1.1376600000000001,1.13769,1750000.0,1500000.0,2019-06-28T12:46:57.379000Z
245,1.1376600000000001,1.13769,1000000.0,2059999.9428,2019-06-28T12:46:58.382000Z
246,1.1376600000000001,1.1377000000000002,5250000.0,7139999.8665,2019-06-28T12:46:59.288000Z
247,1.1376600000000001,1.13769,5349999.9046,1309999.9428,2019-06-28T12:47:00.282000Z
248,1.1376600000000001,1.13769,5619999.8856,2809999.9428,2019-06-28T12:47:00.384000Z
249,1.1376600000000001,1.13769,7940000.0572,2619999.8856,2019-06-28T12:47:00.486000Z
250,1.1376600000000001,1.13768,1500000.0,2440000.0572,2019-06-28T12:47:00.639000Z
251,1.13765,1.13768,1009999.9905,2619999.8856,2019-06-28T12:47:00.789000Z
252,1.13764,1.1376700000000002,3619999.8856,1000000.0,2019-06-28T12:47:00.942000Z
253,1.13764,1.1376700000000002,1570000.0525,1389999.9857,2019-06-28T12:47:05.369000Z
254,1.13763,1.1376700000000002,2059999.9428,1759999.9905,2019-06-28T12:47:07.083000Z
255,1.13763,1.1376700000000002,3119999.8856,2259999.9905,2019-06-28T12:47:07.294000Z
256,1.13763,1.1376600000000001,2059999.9428,1000000.0,2019-06-28T12:47:07.408000Z
257,1.13762,1.1376700000000002,13859999.6567,3259999.9905,2019-06-28T12:47:08.489000Z
258,1.13763,1.1376600000000001,2440000.0572,1000000.0,2019-06-28T12:47:08.591000Z
259,1.13762,1.1376700000000002,15359999.6567,1759999.9905,2019-06-28T12:47:08.747000Z
260,1.13762,1.1376600000000001,13489999.7711,1000000.0,2019-06-28T12:47:09.076000Z
261,1.13762,1.1376700000000002,9819999.6948,7139999.8665,2019-06-28T12:47:10.237000Z
262,1.13763,1.1376600000000001,3369999.8856,3000000.0,2019-06-28T12:47:10.338000Z
263,1.13763,1.13764,4119999.8856,3750000.0,2019-06-28T12:47:11.844000Z
264,1.13759,1.13763,7389999.8665,1690000.0572,2019-06-28T12:47:11.985000Z
265,1.1376,1.13763,1000000.0,4159999.8474,2019-06-28T12:47:12.089000Z
266,1.13761,1.13763,2190000.0572,1200000.0477,2019-06-28T12:47:12.140000Z
267,1.13762,1.13764,2140000.1049,1500000.0,2019-06-28T12:47:12.242000Z
268,1.13762,1.1376600000000001,1389999.9857,2160000.0858,2019-06-28T12:47:12.364000Z
269,1.13763,1.1376600000000001,1250000.0,1000000.0,2019-06-28T12:47:12.516000Z
270,1.13763,1.1376700000000002,1309999.9428,8140000.3433,2019-06-28T12:47:13.225000Z
271,1.13763,1.1376600000000001,1309999.9428,1000000.0,2019-06-28T12:47:13.362000Z
272,1.13763,1.1376600000000001,2940000.0572,1000000.0,2019-06-28T12:47:14.117000Z
273,1.1376700000000002,1.13769,1000000.0,1000000.0,2019-06-28T12:47:14.389000Z
274,1.1376600000000001,1.1377000000000002,4070000.1717,1500000.0,2019-06-28T12:47:14.595000Z
275,1.13769,1.13771,1000000.0,4610000.1335,2019-06-28T12:47:15.294000Z
276,1.13768,1.13771,2250000.0,3109999.8951,2019-06-28T12:47:15.395000Z
277,1.13769,1.13771,1000000.0,6409999.8474,2019-06-28T12:47:15.981000Z
278,1.13768,1.13771,4500000.0,4909999.8474,2019-06-28T12:47:16.710000Z
279,1.13768,1.13771,4500000.0,5389999.8665,2019-06-28T12:47:16.812000Z
280,1.13769,1.13771,1000000.0,4260000.2289,2019-06-28T12:47:17.265000Z
281,1.13768,1.1377000000000002,2619999.8856,1000000.0,2019-06-28T12:47:17.406000Z
282,1.13768,1.13771,2250000.0,3109999.8951,2019-06-28T12:47:18.788000Z
283,1.13768,1.13771,2250000.0,2390000.1049,2019-06-28T12:47:19.354000Z
284,1.1377000000000002,1.13772,3000000.0,1600000.0238,2019-06-28T12:47:19.456000Z
285,1.13771,1.13773,1500000.0,4869999.8856,2019-06-28T12:47:19.507000Z
286,1.13772,1.13774,1000000.0,1120000.0048,2019-06-28T12:47:19.662000Z
287,1.13772,1.13774,1000000.0,1870000.0048,2019-06-28T12:47:19.765000Z
288,1.13772,1.13774,1000000.0,1120000.0048,2019-06-28T12:47:19.867000Z
289,1.13771,1.13773,1120000.0048,1500000.0,2019-06-28T12:47:20.229000Z
290,1.1377000000000002,1.13772,2250000.0,1049999.9523,2019-06-28T12:47:20.382000Z
291,1.13771,1.13772,1000000.0,1240000.0095,2019-06-28T12:47:20.587000Z
292,1.1377000000000002,1.13772,1500000.0,1240000.0095,2019-06-28T12:47:20.689000Z
293,1.1377000000000002,1.13772,1000000.0,2500000.0,2019-06-28T12:47:21.510000Z
294,1.1377000000000002,1.13773,2700000.0477,3369999.8856,2019-06-28T12:47:22.271000Z
295,1.1377000000000002,1.13773,7010000.2289,1000000.0,2019-06-28T12:47:22.395000Z
296,1.13773,1.13774,1000000.0,1000000.0,2019-06-28T12:47:22.550000Z
297,1.13772,1.13774,2140000.1049,1000000.0,2019-06-28T12:47:22.702000Z
298,1.13772,1.13774,2539999.9619,1000000.0,2019-06-28T12:47:22.956000Z
299,1.13772,1.13776,4909999.8474,8439999.5804,2019-06-28T12:47:23.512000Z
300,1.13774,1.1377700000000002,4690000.0572,1500000.0,2019-06-28T12:47:23.614000Z
301,1.13775,1.13778,1500000.0,1009999.9905,2019-06-28T12:47:23.666000Z
302,1.13776,1.1377700000000002,1000000.0,1000000.0,2019-06-28T12:47:23.810000Z
303,1.13776,1.13778,1500000.0,1000000.0,2019-06-28T12:47:23.913000Z
304,1.13775,1.13776,2700000.0477,1250000.0,2019-06-28T12:47:24.218000Z
305,1.13775,1.1377700000000002,1200000.0477,1000000.0,2019-06-28T12:47:24.320000Z
306,1.13776,1.13778,1000000.0,1250000.0,2019-06-28T12:47:24.467000Z
307,1.1377700000000002,1.1378000000000001,1500000.0,3859999.8951,2019-06-28T12:47:24.569000Z
308,1.13778,1.1378000000000001,1100000.0238,1500000.0,2019-06-28T12:47:24.722000Z
309,1.13778,1.13781,1100000.0238,2250000.0,2019-06-28T12:47:24.823000Z
310,1.13778,1.13782,1100000.0238,5440000.0572,2019-06-28T12:47:24.927000Z
311,1.13779,1.13781,1000000.0,1000000.0,2019-06-28T12:47:25.029000Z
312,1.13778,1.13781,1950000.0477,1000000.0,2019-06-28T12:47:25.443000Z
313,1.13778,1.13781,2720000.0286,1870000.0048,2019-06-28T12:47:26.257000Z
314,1.13779,1.13782,2440000.0572,1309999.9428,2019-06-28T12:47:26.409000Z
315,1.1378000000000001,1.13782,1500000.0,3000000.0,2019-06-28T12:47:26.511000Z
316,1.13779,1.13782,4010000.2289,4119999.8856,2019-06-28T12:47:26.716000Z
317,1.1378000000000001,1.13782,1000000.0,1870000.0048,2019-06-28T12:47:28.116000Z
318,1.13779,1.13782,2890000.1049,1870000.0048,2019-06-28T12:47:28.243000Z
319,1.1378000000000001,1.13782,1220000.0286,1870000.0048,2019-06-28T12:47:28.294000Z
320,1.13779,1.13782,4159999.8474,1870000.0048,2019-06-28T12:47:29.397000Z
321,1.13779,1.13782,2890000.1049,1870000.0048,2019-06-28T12:47:29.619000Z
322,1.1378000000000001,1.13783,1000000.0,7809999.9428,2019-06-28T12:47:30.124000Z
323,1.13779,1.13782,2809999.9428,1120000.0048,2019-06-28T12:47:30.228000Z
324,1.1378000000000001,1.13782,1000000.0,1799999.9523,2019-06-28T12:47:30.381000Z
325,1.13779,1.13782,2440000.0572,4550000.1907,2019-06-28T12:47:30.535000Z
326,1.13779,1.13782,1690000.0572,1799999.9523,2019-06-28T12:47:30.637000Z
327,1.1378000000000001,1.13782,1000000.0,3190000.0572,2019-06-28T12:47:31.216000Z
328,1.13778,1.13782,7760000.2289,4690000.0572,2019-06-28T12:47:31.318000Z
329,1.13779,1.13782,1000000.0,4690000.0572,2019-06-28T12:47:31.419000Z
330,1.13778,1.13782,8140000.3433,2440000.0572,2019-06-28T12:47:31.536000Z
331,1.13779,1.13782,1500000.0,3940000.0572,2019-06-28T12:47:31.638000Z
332,1.1378000000000001,1.13782,1000000.0,3000000.0,2019-06-28T12:47:33.126000Z
333,1.13779,1.13782,1690000.0572,2250000.0,2019-06-28T12:47:33.274000Z
334,1.1378000000000001,1.13782,1000000.0,3000000.0,2019-06-28T12:47:33.409000Z
335,1.13779,1.13782,1690000.0572,2250000.0,2019-06-28T12:47:33.565000Z
336,1.1378000000000001,1.13782,1000000.0,6750000.0,2019-06-28T12:47:34.158000Z
337,1.13779,1.13782,1250000.0,2500000.0,2019-06-28T12:47:34.430000Z
338,1.1378000000000001,1.13782,1000000.0,4000000.0,2019-06-28T12:47:36.278000Z
339,1.13779,1.13782,2440000.0572,3369999.8856,2019-06-28T12:47:37.263000Z
340,1.13779,1.13781,1690000.0572,1000000.0,2019-06-28T12:47:38.197000Z
341,1.13781,1.13783,1690000.0572,1570000.0525,2019-06-28T12:47:38.249000Z
342,1.13781,1.13784,5119999.8856,1570000.0525,2019-06-28T12:47:38.351000Z
343,1.13781,1.13786,7820000.1717,15260000.2289,2019-06-28T12:47:38.484000Z
344,1.13781,1.13785,8890000.3433,1250000.0,2019-06-28T12:47:43.050000Z
345,1.13782,1.13785,1000000.0,1809999.9428,2019-06-28T12:47:43.465000Z
346,1.13781,1.13784,3450000.0477,3190000.0572,2019-06-28T12:47:44.291000Z
347,1.13782,1.13784,1000000.0,3190000.0572,2019-06-28T12:47:44.987000Z
348,1.13782,1.13785,1000000.0,11739999.7711,2019-06-28T12:47:45.422000Z
349,1.13782,1.13784,1000000.0,1000000.0,2019-06-28T12:47:45.524000Z
350,1.13782,1.13785,1000000.0,11359999.6567,2019-06-28T12:47:45.770000Z
351,1.13781,1.13785,3190000.0572,10609999.6567,2019-06-28T12:47:45.929000Z
352,1.13781,1.13784,4690000.0572,1000000.0,2019-06-28T12:47:46.030000Z
353,1.13781,1.13785,3190000.0572,10010000.2289,2019-06-28T12:47:46.139000Z
354,1.13781,1.13785,1009999.9905,7909999.8474,2019-06-28T12:47:46.725000Z
355,1.13781,1.13785,1250000.0,8140000.3433,2019-06-28T12:47:46.828000Z
356,1.13781,1.13784,3640000.1049,1000000.0,2019-06-28T12:47:47.695000Z
357,1.13781,1.13785,1389999.9857,6750000.0,2019-06-28T12:47:47.855000Z
358,1.13781,1.13785,3069999.9332,8310000.4196,2019-06-28T12:47:48.030000Z
359,1.13781,1.13785,1389999.9857,4500000.0,2019-06-28T12:47:48.191000Z
360,1.13781,1.13785,3069999.9332,6059999.9428,2019-06-28T12:47:49.513000Z
361,1.13781,1.13785,1389999.9857,6000000.0,2019-06-28T12:47:50.483000Z
362,1.13781,1.13785,3069999.9332,5690000.0572,2019-06-28T12:47:51.062000Z
363,1.13781,1.13783,1759999.9905,1000000.0,2019-06-28T12:47:51.473000Z
364,1.1378000000000001,1.13783,1250000.0,3750000.0,2019-06-28T12:47:51.944000Z
365,1.1378000000000001,1.13782,1389999.9857,1000000.0,2019-06-28T12:47:52.046000Z
366,1.13779,1.13781,3490000.0095,1000000.0,2019-06-28T12:47:52.181000Z
367,1.13779,1.13782,1690000.0572,1690000.0572,2019-06-28T12:47:52.511000Z
368,1.13778,1.13781,9699999.8093,1000000.0,2019-06-28T12:47:52.613000Z
369,1.13778,1.13781,5360000.1335,2250000.0,2019-06-28T12:47:54.838000Z
370,1.13778,1.1378000000000001,3259999.9905,1690000.0572,2019-06-28T12:47:58.909000Z
371,1.1377700000000002,1.13778,1000000.0,1000000.0,2019-06-28T12:48:00.236000Z
372,1.13776,1.1378000000000001,5510000.2289,1690000.0572,2019-06-28T12:48:00.287000Z
373,1.1377700000000002,1.1378000000000001,1600000.0238,1690000.0572,2019-06-28T12:48:00.338000Z
374,1.13776,1.1378000000000001,5510000.2289,1690000.0572,2019-06-28T12:48:00.467000Z
375,1.13776,1.1378000000000001,6320000.1717,1250000.0,2019-06-28T12:48:00.518000Z
376,1.13779,1.13782,3000000.0,1250000.0,2019-06-28T12:48:00.620000Z
377,1.13779,1.13783,3700000.0477,5809999.9428,2019-06-28T12:48:00.721000Z
378,1.13779,1.13783,2140000.1049,5809999.9428,2019-06-28T12:48:00.773000Z
379,1.13779,1.13783,2890000.1049,4559999.9428,2019-06-28T12:48:00.925000Z
380,1.13779,1.13781,2319999.9332,1250000.0,2019-06-28T12:48:01.077000Z
381,1.13779,1.13781,1500000.0,1500000.0,2019-06-28T12:48:01.230000Z
382,1.13778,1.13781,1389999.9857,1500000.0,2019-06-28T12:48:01.332000Z
383,1.13778,1.13781,2140000.1049,2500000.0,2019-06-28T12:48:01.615000Z
384,1.13778,1.13781,1200000.0477,1690000.0572,2019-06-28T12:48:02.076000Z
385,1.13778,1.1378000000000001,2140000.1049,1000000.0,2019-06-28T12:48:06.110000Z
386,1.1377700000000002,1.13779,7010000.2289,1000000.0,2019-06-28T12:48:10.239000Z
387,1.1377700000000002,1.1378000000000001,2890000.1049,1100000.0238,2019-06-28T12:48:10.340000Z
388,1.1377700000000002,1.13779,1120000.0048,2250000.0,2019-06-28T12:48:13.427000Z
389,1.13776,1.1378000000000001,5940000.0572,3640000.1049,2019-06-28T12:48:14.409000Z
390,1.13776,1.13779,5940000.0572,1000000.0,2019-06-28T12:48:14.510000Z
391,1.13776,1.1378000000000001,5940000.0572,2509999.9905,2019-06-28T12:48:21.335000Z
392,1.13776,1.13779,6539999.9619,1000000.0,2019-06-28T12:48:22.762000Z
393,1.13776,1.1378000000000001,2789999.9619,5360000.1335,2019-06-28T12:48:22.968000Z
394,1.13776,1.13779,8789999.9619,1000000.0,2019-06-28T12:48:26.294000Z
395,1.1377700000000002,1.1378000000000001,1120000.0048,6039999.9619,2019-06-28T12:48:26.691000Z
396,1.13776,1.1378000000000001,3990000.0095,5760000.2289,2019-06-28T12:48:26.944000Z
397,1.13776,1.1378000000000001,5110000.1335,5289999.9619,2019-06-28T12:48:27.245000Z
398,1.13776,1.1378000000000001,2700000.0477,2720000.0286,2019-06-28T12:48:28.345000Z
399,1.13775,1.13778,3640000.1049,1870000.0048,2019-06-28T12:48:30.464000Z
400,1.13775,1.13778,4550000.1907,2250000.0,2019-06-28T12:48:30.668000Z
401,1.13776,1.13778,3619999.8856,1500000.0,2019-06-28T12:48:30.794000Z
402,1.1377700000000002,1.13779,1250000.0,1000000.0,2019-06-28T12:48:30.897000Z
403,1.1377700000000002,1.1378000000000001,1250000.0,8319999.6948,2019-06-28T12:48:30.999000Z
404,1.13776,1.13779,2140000.1049,1100000.0238,2019-06-28T12:48:31.659000Z
405,1.13774,1.1377700000000002,2890000.1049,1000000.0,2019-06-28T12:48:32.270000Z
406,1.13773,1.13776,2440000.0572,1570000.0525,2019-06-28T12:48:32.373000Z
407,1.13773,1.13775,1309999.9428,1000000.0,2019-06-28T12:48:32.510000Z
408,1.13772,1.13776,2869999.8856,3299999.9523,2019-06-28T12:48:32.663000Z
409,1.13773,1.13776,2940000.0572,3000000.0,2019-06-28T12:48:33.506000Z
410,1.13773,1.13776,1309999.9428,1000000.0,2019-06-28T12:48:35.659000Z
411,1.13773,1.13776,1750000.0,4500000.0,2019-06-28T12:48:36.264000Z
412,1.13772,1.13775,5059999.9428,1500000.0,2019-06-28T12:48:36.366000Z
413,1.13772,1.13774,1250000.0,1000000.0,2019-06-28T12:48:36.468000Z
414,1.13771,1.13775,2700000.0477,4409999.8474,2019-06-28T12:48:36.668000Z
415,1.13771,1.13775,1250000.0,2890000.1049,2019-06-28T12:48:37.001000Z
416,1.13771,1.13774,1250000.0,1000000.0,2019-06-28T12:48:37.360000Z
417,1.13771,1.13775,5440000.0572,6260000.2289,2019-06-28T12:48:38.131000Z
418,1.13771,1.13774,1250000.0,1000000.0,2019-06-28T12:48:40.837000Z
419,1.13771,1.13775,4690000.0572,8130000.1144,2019-06-28T12:48:40.991000Z
420,1.13771,1.13775,2869999.8856,6670000.0763,2019-06-28T12:48:41.094000Z
421,1.13772,1.13774,1690000.0572,1000000.0,2019-06-28T12:48:41.197000Z
422,1.13771,1.13774,1250000.0,1000000.0,2019-06-28T12:48:41.777000Z
423,1.1377000000000002,1.13773,4889999.8665,1200000.0477,2019-06-28T12:48:41.879000Z
424,1.1377000000000002,1.13774,2440000.0572,5659999.8474,2019-06-28T12:48:42.285000Z
425,1.13771,1.13773,1250000.0,1000000.0,2019-06-28T12:48:44.869000Z
426,1.13769,1.13772,6000000.0,1690000.0572,2019-06-28T12:48:46.067000Z
427,1.1377000000000002,1.13771,2059999.9428,1000000.0,2019-06-28T12:48:46.220000Z
428,1.1377000000000002,1.13772,2059999.9428,1250000.0,2019-06-28T12:48:46.372000Z
429,1.13771,1.13773,2500000.0,1100000.0238,2019-06-28T12:48:46.626000Z
430,1.13773,1.13775,1000000.0,1870000.0048,2019-06-28T12:48:46.732000Z
431,1.13773,1.13776,3759999.9905,3000000.0,2019-06-28T12:48:46.834000Z
432,1.1377700000000002,1.13778,1000000.0,2849999.9046,2019-06-28T12:48:46.885000Z
433,1.13778,1.1378000000000001,1000000.0,1000000.0,2019-06-28T12:48:47.088000Z
434,1.1377700000000002,1.1378000000000001,7389999.8665,1500000.0,2019-06-28T12:48:48.143000Z
435,1.1377700000000002,1.1378000000000001,8199999.8093,1690000.0572,2019-06-28T12:48:48.245000Z
436,1.13779,1.13781,1000000.0,1750000.0,2019-06-28T12:48:48.717000Z
437,1.13778,1.1378000000000001,5059999.9428,1250000.0,2019-06-28T12:48:48.845000Z
438,1.13778,1.1378000000000001,3789999.9619,1250000.0,2019-06-28T12:48:50.154000Z
439,1.13778,1.1378000000000001,2440000.0572,1250000.0,2019-06-28T12:48:50.256000Z
440,1.13778,1.13779,1000000.0,1000000.0,2019-06-28T12:48:55.920000Z
441,1.13778,1.1378000000000001,1000000.0,1690000.0572,2019-06-28T12:48:56.953000Z
442,1.13778,1.1378000000000001,2690000.0572,1500000.0,2019-06-28T12:48:59.410000Z
443,1.13778,1.1378000000000001,1500000.0,1500000.0,2019-06-28T12:48:59.512000Z
444,1.13778,1.1378000000000001,1500000.0,1870000.0048,2019-06-28T12:48:59.613000Z
445,1.13778,1.1378000000000001,1000000.0,1399999.9762,2019-06-28T12:49:00.323000Z
446,1.13778,1.13779,1000000.0,1000000.0,2019-06-28T12:49:00.588000Z
447,1.13778,1.13781,1000000.0,2059999.9428,2019-06-28T12:49:00.639000Z
448,1.13778,1.1378000000000001,1500000.0,1500000.0,2019-06-28T12:49:00.780000Z
449,1.13778,1.13781,1500000.0,7690000.0572,2019-06-28T12:49:01.221000Z
450,1.13778,1.13781,2369999.8856,2809999.9428,2019-06-28T12:49:01.857000Z
451,1.13778,1.1378000000000001,2619999.8856,1000000.0,2019-06-28T12:49:02.688000Z
452,1.13778,1.13781,2250000.0,7539999.9619,2019-06-28T12:49:02.840000Z
453,1.13778,1.1378000000000001,1000000.0,1000000.0,2019-06-28T12:49:03.248000Z
454,1.13778,1.13781,1000000.0,6789999.9619,2019-06-28T12:49:04.748000Z
455,1.13778,1.1378000000000001,1000000.0,3000000.0,2019-06-28T12:49:04.901000Z
456,1.13778,1.13781,1000000.0,4690000.0572,2019-06-28T12:49:05.027000Z
457,1.13778,1.1378000000000001,1000000.0,1000000.0,2019-06-28T12:49:07.418000Z
458,1.13776,1.13779,7940000.0572,3319999.9332,2019-06-28T12:49:08.068000Z
459,1.13774,1.13776,1870000.0048,1000000.0,2019-06-28T12:49:08.215000Z
460,1.13773,1.1377700000000002,1690000.0572,5289999.9619,2019-06-28T12:49:08.368000Z
461,1.13774,1.1377700000000002,1000000.0,6409999.8474,2019-06-28T12:49:08.623000Z
462,1.13773,1.1377700000000002,4309999.9428,4159999.8474,2019-06-28T12:49:08.725000Z
463,1.13774,1.1377700000000002,1000000.0,6789999.9619,2019-06-28T12:49:08.967000Z
464,1.13773,1.1377700000000002,3559999.9428,5289999.9619,2019-06-28T12:49:09.171000Z
465,1.13773,1.1377700000000002,3940000.0572,7010000.2289,2019-06-28T12:49:09.889000Z
466,1.13776,1.1377700000000002,2809999.9428,4869999.8856,2019-06-28T12:49:10.049000Z
467,1.13778,1.1378000000000001,1000000.0,1200000.0477,2019-06-28T12:49:10.151000Z
468,1.13778,1.1378000000000001,5869999.8856,1200000.0477,2019-06-28T12:49:10.253000Z
469,1.13778,1.1378000000000001,2250000.0,1000000.0,2019-06-28T12:49:10.713000Z
470,1.13778,1.13781,2500000.0,3450000.0477,2019-06-28T12:49:11.789000Z
471,1.13778,1.1378000000000001,4190000.0572,1000000.0,2019-06-28T12:49:11.982000Z
472,1.13778,1.1378000000000001,2440000.0572,1250000.0,2019-06-28T12:49:12.086000Z
473,1.13778,1.1378000000000001,2500000.0,1000000.0,2019-06-28T12:49:12.274000Z
474,1.13778,1.1378000000000001,2250000.0,1000000.0,2019-06-28T12:49:12.762000Z
475,1.13779,1.1378000000000001,1250000.0,1000000.0,2019-06-28T12:49:12.864000Z
476,1.13778,1.1378000000000001,2250000.0,1000000.0,2019-06-28T12:49:13.061000Z
477,1.13778,1.1378000000000001,2500000.0,1000000.0,2019-06-28T12:49:13.387000Z
478,1.13778,1.1378000000000001,3369999.8856,1250000.0,2019-06-28T12:49:13.590000Z
479,1.13778,1.1378000000000001,7190000.0572,3640000.1049,2019-06-28T12:49:13.843000Z
480,1.13778,1.1378000000000001,1250000.0,1389999.9857,2019-06-28T12:49:13.945000Z
481,1.13778,1.13779,1690000.0572,1000000.0,2019-06-28T12:49:17.190000Z
482,1.13778,1.13781,6000000.0,6199999.8093,2019-06-28T12:49:17.922000Z
483,1.13778,1.13781,2059999.9428,2700000.0477,2019-06-28T12:49:18.023000Z
484,1.1378000000000001,1.13782,1250000.0,1570000.0525,2019-06-28T12:49:18.916000Z
485,1.1378000000000001,1.13782,1000000.0,3039999.9619,2019-06-28T12:49:19.018000Z
486,1.13779,1.13781,3000000.0,1000000.0,2019-06-28T12:49:19.120000Z
487,1.13778,1.13781,9189999.5804,1000000.0,2019-06-28T12:49:19.252000Z
488,1.13778,1.13781,6010000.2289,1100000.0238,2019-06-28T12:49:19.429000Z
489,1.1378000000000001,1.13782,1000000.0,2700000.0477,2019-06-28T12:49:20.540000Z
490,1.1378000000000001,1.13782,1370000.0048,1500000.0,2019-06-28T12:49:20.643000Z
491,1.13779,1.13782,6070000.1717,1000000.0,2019-06-28T12:49:20.694000Z
492,1.1378000000000001,1.13782,1000000.0,1870000.0048,2019-06-28T12:49:21.596000Z
493,1.1378000000000001,1.13783,1000000.0,11720000.267,2019-06-28T12:49:21.799000Z
494,1.13779,1.13782,3000000.0,3390000.1049,2019-06-28T12:49:21.901000Z
495,1.13778,1.13782,2059999.9428,4889999.8665,2019-06-28T12:49:30.194000Z
496,1.1377700000000002,1.1378000000000001,9260000.2289,1500000.0,2019-06-28T12:49:30.575000Z
497,1.1377700000000002,1.13781,6940000.0572,2890000.1049,2019-06-28T12:49:30.677000Z
498,1.13778,1.13781,1500000.0,2140000.1049,2019-06-28T12:49:30.779000Z
499,1.1377700000000002,1.13781,8289999.9619,2359999.8951,2019-06-28T12:49:31.186000Z
500,1.13778,1.13781,1000000.0,4539999.9619,2019-06-28T12:49:31.574000Z
501,1.1377700000000002,1.13781,6190000.0572,1759999.9905,2019-06-28T12:49:32.570000Z
502,1.13776,1.13778,1850000.0238,1000000.0,2019-06-28T12:49:34.197000Z
503,1.13775,1.13778,1120000.0048,1570000.0525,2019-06-28T12:49:34.300000Z
504,1.13774,1.1377700000000002,4449999.8093,1000000.0,2019-06-28T12:49:34.555000Z
505,1.13774,1.13778,2869999.8856,2319999.9332,2019-06-28T12:49:35.022000Z
506,1.13775,1.1377700000000002,1309999.9428,1000000.0,2019-06-28T12:49:35.233000Z
507,1.13775,1.1377700000000002,3619999.8856,1000000.0,2019-06-28T12:49:35.386000Z
508,1.13774,1.13778,12140000.3433,1500000.0,2019-06-28T12:49:35.488000Z
509,1.13776,1.13778,1000000.0,1120000.0048,2019-06-28T12:49:35.590000Z
510,1.13775,1.13778,2440000.0572,1870000.0048,2019-06-28T12:49:35.692000Z
511,1.1377700000000002,1.13778,1000000.0,1000000.0,2019-06-28T12:49:35.947000Z
512,1.13778,1.1378000000000001,1000000.0,6820000.1717,2019-06-28T12:49:36.053000Z
513,1.13779,1.13781,1000000.0,3259999.9905,2019-06-28T12:49:36.105000Z
514,1.13779,1.13781,1000000.0,2720000.0286,2019-06-28T12:49:36.308000Z
515,1.13779,1.13781,1000000.0,1500000.0,2019-06-28T12:49:36.410000Z
516,1.13779,1.13782,1120000.0048,1759999.9905,2019-06-28T12:49:37.045000Z
517,1.1378000000000001,1.13782,1250000.0,2319999.9332,2019-06-28T12:49:37.146000Z
518,1.13778,1.13782,13989999.7711,1500000.0,2019-06-28T12:49:37.350000Z
519,1.13779,1.13783,3940000.0572,3259999.9905,2019-06-28T12:49:37.875000Z
520,1.13779,1.13783,9810000.4196,6820000.1717,2019-06-28T12:49:37.976000Z
521,1.13779,1.13783,6750000.0,4760000.2289,2019-06-28T12:49:38.281000Z
522,1.1378000000000001,1.13783,1000000.0,4760000.2289,2019-06-28T12:49:38.603000Z
523,1.13779,1.13782,4309999.9428,1000000.0,2019-06-28T12:49:38.705000Z
524,1.1378000000000001,1.13782,1000000.0,1000000.0,2019-06-28T12:49:38.809000Z
525,1.13779,1.13782,2059999.9428,1000000.0,2019-06-28T12:49:38.910000Z
526,1.1378000000000001,1.13782,1000000.0,2319999.9332,2019-06-28T12:49:41.474000Z
527,1.13779,1.13782,1759999.9905,1570000.0525,2019-06-28T12:49:41.615000Z
528,1.13781,1.13784,1500000.0,8890000.3433,2019-06-28T12:49:43.098000Z
529,1.1378000000000001,1.13782,3250000.0,1000000.0,2019-06-28T12:49:43.200000Z
530,1.13779,1.13784,10289999.9619,5469999.7902,2019-06-28T12:49:43.474000Z
531,1.1378000000000001,1.13784,1250000.0,4570000.1717,2019-06-28T12:49:45.261000Z
532,1.1378000000000001,1.13783,1750000.0,1000000.0,2019-06-28T12:49:45.363000Z
533,1.1378000000000001,1.13784,1250000.0,4199999.8093,2019-06-28T12:49:45.465000Z
534,1.13782,1.13784,1000000.0,1570000.0525,2019-06-28T12:49:45.719000Z
535,1.13781,1.13785,4690000.0572,2140000.1049,2019-06-28T12:49:45.835000Z
536,1.13782,1.13785,4820000.1717,2440000.0572,2019-06-28T12:49:45.937000Z
537,1.13781,1.13785,9920000.0763,4000000.0,2019-06-28T12:49:46.501000Z
538,1.1378000000000001,1.13783,7940000.0572,1000000.0,2019-06-28T12:49:46.627000Z
539,1.13782,1.13785,1250000.0,1950000.0477,2019-06-28T12:49:46.729000Z
540,1.13783,1.13786,1940000.0572,1000000.0,2019-06-28T12:49:47.034000Z
541,1.13782,1.13785,1500000.0,3559999.9428,2019-06-28T12:49:49.100000Z
542,1.13782,1.13785,1690000.0572,5449999.8093,2019-06-28T12:49:49.202000Z
543,1.13781,1.13783,1000000.0,1100000.0238,2019-06-28T12:49:49.807000Z
544,1.13781,1.13784,1000000.0,4500000.0,2019-06-28T12:49:49.909000Z
545,1.13781,1.13782,1250000.0,1000000.0,2019-06-28T12:49:50.690000Z
546,1.13779,1.13783,2200000.0477,2250000.0,2019-06-28T12:49:50.792000Z
547,1.13779,1.13783,1820000.0525,3099999.9046,2019-06-28T12:49:50.893000Z
548,1.13779,1.13783,2420000.0763,3220000.0286,2019-06-28T12:49:51.358000Z
549,1.13779,1.13782,6849999.9046,1000000.0,2019-06-28T12:49:51.585000Z
550,1.13779,1.13783,2349999.9046,3299999.9523,2019-06-28T12:49:52.075000Z
551,1.1378000000000001,1.13782,2500000.0,1000000.0,2019-06-28T12:49:53.569000Z
552,1.1378000000000001,1.13784,2119999.8856,3069999.9332,2019-06-28T12:49:53.671000Z
553,1.1378000000000001,1.13783,2250000.0,1000000.0,2019-06-28T12:49:53.912000Z
554,1.1378000000000001,1.13784,1370000.0048,1100000.0238,2019-06-28T12:49:54.014000Z
555,1.1378000000000001,1.13783,3619999.8856,1000000.0,2019-06-28T12:49:56.301000Z
556,1.13782,1.13784,1000000.0,2250000.0,2019-06-28T12:49:57.501000Z
557,1.13782,1.13785,2809999.9428,1000000.0,2019-06-28T12:49:57.687000Z
558,1.13783,1.13785,1250000.0,1500000.0,2019-06-28T12:49:57.739000Z
559,1.13782,1.13786,4639999.8665,3369999.8856,2019-06-28T12:49:57.994000Z
560,1.13785,1.13786,1250000.0,1500000.0,2019-06-28T12:49:58.518000Z
561,1.13784,1.13786,1250000.0,2250000.0,2019-06-28T12:49:58.672000Z
562,1.13785,1.13786,1000000.0,1000000.0,2019-06-28T12:50:00.225000Z
563,1.13785,1.1378700000000002,1250000.0,3299999.9523,2019-06-28T12:50:00.338000Z
564,1.13785,1.13788,1250000.0,7800000.1907,2019-06-28T12:50:01.879000Z
565,1.1378700000000002,1.13788,2319999.9332,1000000.0,2019-06-28T12:50:01.981000Z
566,1.1378700000000002,1.1379000000000001,1350000.0238,4949999.8093,2019-06-28T12:50:02.032000Z
567,1.1378700000000002,1.13789,1820000.0525,1000000.0,2019-06-28T12:50:02.370000Z
568,1.13789,1.1379100000000002,1000000.0,4949999.8093,2019-06-28T12:50:04.047000Z
569,1.13789,1.1379100000000002,1000000.0,1100000.0238,2019-06-28T12:50:04.149000Z
570,1.13789,1.13792,4000000.0,5909999.8474,2019-06-28T12:50:04.251000Z
571,1.13789,1.13792,2119999.8856,1250000.0,2019-06-28T12:50:04.353000Z
572,1.13788,1.13792,2369999.8856,2170000.0763,2019-06-28T12:50:05.457000Z
573,1.13786,1.13788,6820000.1717,2500000.0,2019-06-28T12:50:05.559000Z
574,1.13785,1.1378700000000002,2809999.9428,1000000.0,2019-06-28T12:50:05.610000Z
575,1.13785,1.13788,1690000.0572,5250000.0,2019-06-28T12:50:05.763000Z
576,1.13784,1.1378700000000002,4820000.1717,1000000.0,2019-06-28T12:50:06.227000Z
577,1.13785,1.13788,1690000.0572,2619999.8856,2019-06-28T12:50:06.330000Z
578,1.1378700000000002,1.13789,1000000.0,2569999.9332,2019-06-28T12:50:06.381000Z
579,1.1378700000000002,1.1379000000000001,2200000.0477,2440000.0572,2019-06-28T12:50:06.433000Z
580,1.1379000000000001,1.1379100000000002,1000000.0,1950000.0477,2019-06-28T12:50:07.746000Z
581,1.1379100000000002,1.1379299999999999,1000000.0,4500000.0,2019-06-28T12:50:07.848000Z
582,1.1379100000000002,1.13794,1000000.0,8140000.3433,2019-06-28T12:50:07.950000Z
583,1.1379100000000002,1.1379299999999999,1000000.0,2250000.0,2019-06-28T12:50:08.285000Z
584,1.1379100000000002,1.13794,1000000.0,8140000.3433,2019-06-28T12:50:08.388000Z
585,1.1379100000000002,1.1379299999999999,1000000.0,1000000.0,2019-06-28T12:50:08.987000Z
586,1.1379100000000002,1.1379299999999999,1370000.0048,1500000.0,2019-06-28T12:50:09.659000Z
587,1.13792,1.13794,1250000.0,1690000.0572,2019-06-28T12:50:09.763000Z
588,1.13792,1.13795,3190000.0572,3000000.0,2019-06-28T12:50:09.865000Z
589,1.13792,1.13794,3190000.0572,1000000.0,2019-06-28T12:50:09.968000Z
590,1.13792,1.13795,1690000.0572,2250000.0,2019-06-28T12:50:10.108000Z
591,1.13792,1.13795,2910000.0858,2250000.0,2019-06-28T12:50:10.438000Z
592,1.13792,1.13794,3660000.0858,1000000.0,2019-06-28T12:50:10.540000Z
593,1.13792,1.13795,2910000.0858,2250000.0,2019-06-28T12:50:10.642000Z
594,1.13792,1.13795,3559999.9428,2250000.0,2019-06-28T12:50:10.744000Z
595,1.13792,1.13795,5539999.9619,2250000.0,2019-06-28T12:50:10.845000Z
596,1.13792,1.13795,2619999.8856,1870000.0048,2019-06-28T12:50:11.172000Z
597,1.13792,1.13794,1500000.0,1000000.0,2019-06-28T12:50:11.871000Z
598,1.13792,1.13795,1000000.0,3259999.9905,2019-06-28T12:50:11.999000Z
599,1.1379100000000002,1.13795,3640000.1049,3039999.9619,2019-06-28T12:50:12.203000Z
600,1.1379100000000002,1.1379299999999999,1950000.0477,1120000.0048,2019-06-28T12:50:12.306000Z
601,1.1379100000000002,1.13794,1120000.0048,5510000.2289,2019-06-28T12:50:12.459000Z
602,1.1379100000000002,1.1379299999999999,1309999.9428,1000000.0,2019-06-28T12:50:12.728000Z
603,1.1379100000000002,1.13794,1120000.0048,5889999.8665,2019-06-28T12:50:12.964000Z
604,1.13792,1.13795,2440000.0572,3000000.0,2019-06-28T12:50:13.066000Z
605,1.13792,1.13795,2200000.0477,1000000.0,2019-06-28T12:50:13.169000Z
606,1.13794,1.13796,1000000.0,3819999.9332,2019-06-28T12:50:13.294000Z
607,1.1379299999999999,1.13795,1000000.0,1000000.0,2019-06-28T12:50:13.400000Z
608,1.1379299999999999,1.13796,1000000.0,3940000.0572,2019-06-28T12:50:13.502000Z
609,1.1379299999999999,1.13795,1000000.0,1000000.0,2019-06-28T12:50:14.315000Z
610,1.1379299999999999,1.13796,1000000.0,3789999.9619,2019-06-28T12:50:14.640000Z
611,1.1379299999999999,1.13795,1000000.0,1000000.0,2019-06-28T12:50:14.844000Z
612,1.1379299999999999,1.13796,1000000.0,6190000.0572,2019-06-28T12:50:15.261000Z
613,1.13792,1.13796,2140000.1049,3190000.0572,2019-06-28T12:50:17.013000Z
614,1.1379299999999999,1.13796,1000000.0,3940000.0572,2019-06-28T12:50:17.115000Z
615,1.13794,1.13796,1000000.0,3940000.0572,2019-06-28T12:50:17.921000Z
616,1.13794,1.13798,1690000.0572,8140000.3433,2019-06-28T12:50:18.024000Z
617,1.1379299999999999,1.1379700000000001,10390000.3433,1250000.0,2019-06-28T12:50:18.126000Z
618,1.13795,1.1379700000000001,1250000.0,1000000.0,2019-06-28T12:50:18.177000Z
619,1.13795,1.13798,1250000.0,3259999.9905,2019-06-28T12:50:18.339000Z
620,1.13795,1.1379700000000001,1250000.0,1120000.0048,2019-06-28T12:50:20.215000Z
621,1.13796,1.1379700000000001,1000000.0,1120000.0048,2019-06-28T12:50:20.522000Z
622,1.13794,1.1379700000000001,4369999.8856,1690000.0572,2019-06-28T12:50:20.776000Z
623,1.1379299999999999,1.13795,4760000.2289,1000000.0,2019-06-28T12:50:20.889000Z
624,1.13792,1.13794,1500000.0,1000000.0,2019-06-28T12:50:20.940000Z
625,1.13792,1.1379299999999999,1500000.0,1500000.0,2019-06-28T12:50:21.042000Z
626,1.1379100000000002,1.13794,3190000.0572,2700000.0477,2019-06-28T12:50:21.144000Z
627,1.13792,1.13795,1690000.0572,3420000.0763,2019-06-28T12:50:21.566000Z
628,1.13792,1.13796,4099999.9046,2700000.0477,2019-06-28T12:50:21.668000Z
629,1.1379299999999999,1.13796,2009999.9905,1870000.0048,2019-06-28T12:50:22.929000Z
630,1.13794,1.1379700000000001,3940000.0572,1000000.0,2019-06-28T12:50:24.684000Z
631,1.13796,1.13798,1250000.0,1250000.0,2019-06-28T12:50:24.787000Z
632,1.1379700000000001,1.13799,1250000.0,4869999.8856,2019-06-28T12:50:24.889000Z
633,1.13796,1.13798,2500000.0,1000000.0,2019-06-28T12:50:25.216000Z
634,1.13796,1.13798,2440000.0572,1000000.0,2019-06-28T12:50:26.679000Z
635,1.1379700000000001,1.13798,1000000.0,1000000.0,2019-06-28T12:50:27.168000Z
636,1.13796,1.13798,2509999.9905,1000000.0,2019-06-28T12:50:27.540000Z
637,1.13796,1.13798,2759999.9905,1000000.0,2019-06-28T12:50:27.649000Z
638,1.1379700000000001,1.13799,3259999.9905,1500000.0,2019-06-28T12:50:27.953000Z
639,1.1379700000000001,1.13798,1250000.0,1000000.0,2019-06-28T12:50:28.055000Z
640,1.1379700000000001,1.13799,3190000.0572,1500000.0,2019-06-28T12:50:28.208000Z
641,1.1379700000000001,1.13798,1250000.0,1000000.0,2019-06-28T12:50:29.410000Z
642,1.13798,1.1380000000000001,3289999.9619,1500000.0,2019-06-28T12:50:29.743000Z
643,1.13802,1.1380299999999999,1000000.0,1500000.0,2019-06-28T12:50:29.845000Z
644,1.1380000000000001,1.1380299999999999,5449999.8093,1120000.0048,2019-06-28T12:50:29.948000Z
645,1.1380299999999999,1.13805,2569999.9332,1120000.0048,2019-06-28T12:50:30.090000Z
646,1.1380299999999999,1.13806,1350000.0238,5190000.0572,2019-06-28T12:50:30.192000Z
647,1.13804,1.13806,1000000.0,5190000.0572,2019-06-28T12:50:30.346000Z
648,1.1380299999999999,1.13806,2099999.9046,5190000.0572,2019-06-28T12:50:30.448000Z
649,1.1380299999999999,1.13806,1500000.0,4119999.8856,2019-06-28T12:50:31.327000Z
650,1.13804,1.13806,1500000.0,3190000.0572,2019-06-28T12:50:31.633000Z
651,1.13804,1.13806,1000000.0,4000000.0,2019-06-28T12:50:31.736000Z
652,1.13804,1.13806,1000000.0,3190000.0572,2019-06-28T12:50:31.838000Z
653,1.13804,1.13806,1000000.0,4000000.0,2019-06-28T12:50:32.152000Z
654,1.13804,1.13806,1000000.0,3190000.0572,2019-06-28T12:50:32.272000Z
655,1.1380299999999999,1.13806,2059999.9428,3190000.0572,2019-06-28T12:50:32.821000Z
656,1.13804,1.13806,1000000.0,2440000.0572,2019-06-28T12:50:32.933000Z
657,1.13802,1.13806,3450000.0477,3000000.0,2019-06-28T12:50:33.318000Z
658,1.1380100000000002,1.13802,3069999.9332,1000000.0,2019-06-28T12:50:33.420000Z
659,1.13799,1.1380100000000002,1690000.0572,1000000.0,2019-06-28T12:50:33.522000Z
660,1.13798,1.1380000000000001,1000000.0,1000000.0,2019-06-28T12:50:33.624000Z
661,1.13799,1.1380100000000002,1000000.0,4239999.7711,2019-06-28T12:50:33.725000Z
662,1.13798,1.1380000000000001,1000000.0,1000000.0,2019-06-28T12:50:33.776000Z
663,1.13798,1.13802,1250000.0,10239999.7711,2019-06-28T12:50:33.924000Z
664,1.13798,1.13802,1389999.9857,10260000.2289,2019-06-28T12:50:34.026000Z
665,1.1380000000000001,1.1380100000000002,2250000.0,2619999.8856,2019-06-28T12:50:34.695000Z
666,1.1380000000000001,1.13802,2250000.0,4119999.8856,2019-06-28T12:50:34.845000Z
667,1.13799,1.13802,2509999.9905,4199999.8093,2019-06-28T12:50:34.998000Z
668,1.1380000000000001,1.13802,1000000.0,2619999.8856,2019-06-28T12:50:35.099000Z
669,1.1380000000000001,1.1380100000000002,1000000.0,1000000.0,2019-06-28T12:50:35.201000Z
670,1.1380000000000001,1.13802,1000000.0,3000000.0,2019-06-28T12:50:35.473000Z
671,1.1380100000000002,1.1380299999999999,1000000.0,4349999.9046,2019-06-28T12:50:35.770000Z
672,1.1380299999999999,1.13804,1000000.0,1120000.0048,2019-06-28T12:50:35.872000Z
673,1.13802,1.13804,1500000.0,1120000.0048,2019-06-28T12:50:36.025000Z
674,1.1380100000000002,1.13804,2440000.0572,1870000.0048,2019-06-28T12:50:36.127000Z
675,1.13802,1.13804,1000000.0,2059999.9428,2019-06-28T12:50:36.279000Z
676,1.1380299999999999,1.13805,1000000.0,2750000.0,2019-06-28T12:50:37.036000Z
677,1.1380299999999999,1.13805,1100000.0238,1500000.0,2019-06-28T12:50:37.449000Z
678,1.13802,1.13806,5199999.8093,3750000.0,2019-06-28T12:50:38.077000Z
679,1.1380299999999999,1.13805,3450000.0477,1000000.0,2019-06-28T12:50:38.179000Z
680,1.1380299999999999,1.13806,1250000.0,2250000.0,2019-06-28T12:50:38.690000Z
681,1.1380299999999999,1.13805,1250000.0,1000000.0,2019-06-28T12:50:39.115000Z
682,1.1380299999999999,1.13806,2440000.0572,2250000.0,2019-06-28T12:50:39.469000Z
683,1.13804,1.1380700000000001,1100000.0238,3640000.1049,2019-06-28T12:50:39.724000Z
684,1.13806,1.1380700000000001,1000000.0,2250000.0,2019-06-28T12:50:39.826000Z
685,1.1380700000000001,1.13808,1500000.0,1100000.0238,2019-06-28T12:50:39.878000Z
686,1.13806,1.1381100000000002,10859999.6567,7139999.8665,2019-06-28T12:50:40.036000Z
687,1.1380700000000001,1.13808,2099999.9046,2250000.0,2019-06-28T12:50:40.340000Z
688,1.13805,1.1380700000000001,1100000.0238,2250000.0,2019-06-28T12:50:40.443000Z
689,1.13804,1.13805,2319999.9332,1000000.0,2019-06-28T12:50:40.494000Z
690,1.1380299999999999,1.13805,3000000.0,1000000.0,2019-06-28T12:50:40.598000Z
691,1.1380100000000002,1.13805,5010000.2289,6500000.0,2019-06-28T12:50:40.699000Z
692,1.1380100000000002,1.13805,4940000.0572,7570000.1717,2019-06-28T12:50:41.345000Z
693,1.13802,1.13804,1120000.0048,1250000.0,2019-06-28T12:50:41.446000Z
694,1.1380299999999999,1.13804,1000000.0,1250000.0,2019-06-28T12:50:42.250000Z
695,1.13805,1.13806,1000000.0,1100000.0238,2019-06-28T12:50:42.301000Z
696,1.13804,1.1380700000000001,1940000.0572,4389999.8665,2019-06-28T12:50:42.418000Z
697,1.1380299999999999,1.13806,4389999.8665,1000000.0,2019-06-28T12:50:46.246000Z
698,1.1380299999999999,1.13806,7159999.8474,1000000.0,2019-06-28T12:50:46.554000Z
699,1.1380299999999999,1.13806,8699999.8093,1000000.0,2019-06-28T12:50:46.684000Z
700,1.13804,1.13806,1000000.0,1000000.0,2019-06-28T12:50:47.216000Z
701,1.1380299999999999,1.13806,4389999.8665,1000000.0,2019-06-28T12:50:47.752000Z
702,1.13804,1.13806,1000000.0,1120000.0048,2019-06-28T12:50:48.110000Z
703,1.13804,1.1380700000000001,1000000.0,4159999.8474,2019-06-28T12:50:52.574000Z
704,1.1380700000000001,1.13808,1000000.0,1870000.0048,2019-06-28T12:50:55.070000Z
705,1.1380700000000001,1.13809,1000000.0,3750000.0,2019-06-28T12:50:55.172000Z
706,1.13806,1.13809,3369999.8856,3000000.0,2019-06-28T12:50:55.325000Z
707,1.1380700000000001,1.13809,1000000.0,2250000.0,2019-06-28T12:50:55.741000Z
708,1.13806,1.13809,3369999.8856,2250000.0,2019-06-28T12:50:55.843000Z
709,1.1380700000000001,1.13809,1500000.0,1500000.0,2019-06-28T12:50:56.046000Z
710,1.13806,1.1381000000000001,13699999.8093,4869999.8856,2019-06-28T12:50:56.207000Z
711,1.13808,1.1381000000000001,1000000.0,2250000.0,2019-06-28T12:50:57.445000Z
712,1.1380700000000001,1.1381000000000001,1250000.0,2250000.0,2019-06-28T12:50:57.908000Z
713,1.13806,1.13809,7820000.1717,1000000.0,2019-06-28T12:50:58.158000Z
714,1.13806,1.13809,5510000.2289,1500000.0,2019-06-28T12:50:59.337000Z
715,1.1380700000000001,1.13809,1000000.0,1000000.0,2019-06-28T12:50:59.994000Z
716,1.13806,1.13809,2890000.1049,1500000.0,2019-06-28T12:51:00.147000Z
717,1.13809,1.1381000000000001,2099999.9046,5250000.0,2019-06-28T12:51:00.299000Z
718,1.1381000000000001,1.13812,1500000.0,1500000.0,2019-06-28T12:51:00.434000Z
719,1.13809,1.1381100000000002,1500000.0,1120000.0048,2019-06-28T12:51:00.538000Z
720,1.13808,1.13812,5159999.8474,3640000.1049,2019-06-28T12:51:00.743000Z
721,1.13808,1.1381100000000002,1250000.0,1500000.0,2019-06-28T12:51:01.151000Z
722,1.13808,1.1381100000000002,1690000.0572,1620000.0048,2019-06-28T12:51:01.534000Z
723,1.1380700000000001,1.1381100000000002,1610000.0143,2559999.9428,2019-06-28T12:51:04.619000Z
724,1.13806,1.13808,1970000.0286,2250000.0,2019-06-28T12:51:04.670000Z
725,1.13804,1.13806,1389999.9857,1870000.0048,2019-06-28T12:51:04.772000Z
726,1.13804,1.13808,2440000.0572,9859999.6567,2019-06-28T12:51:04.976000Z
727,1.13804,1.1380700000000001,1759999.9905,1350000.0238,2019-06-28T12:51:05.077000Z
728,1.13808,1.13809,1000000.0,4570000.1717,2019-06-28T12:51:05.863000Z
729,1.13809,1.1381100000000002,1690000.0572,1000000.0,2019-06-28T12:51:06.016000Z
730,1.1381000000000001,1.13812,1500000.0,2250000.0,2019-06-28T12:51:06.119000Z
731,1.1381000000000001,1.1381100000000002,1500000.0,1000000.0,2019-06-28T12:51:06.575000Z
732,1.1381000000000001,1.13812,1500000.0,2250000.0,2019-06-28T12:51:07.253000Z
733,1.1381000000000001,1.1381100000000002,1000000.0,1000000.0,2019-06-28T12:51:07.524000Z
734,1.13808,1.13812,7300000.1907,3000000.0,2019-06-28T12:51:07.935000Z
735,1.13808,1.1381100000000002,3259999.9905,1000000.0,2019-06-28T12:51:08.037000Z
736,1.13808,1.13812,1759999.9905,6190000.0572,2019-06-28T12:51:08.139000Z
737,1.13808,1.13812,2140000.1049,8539999.9619,2019-06-28T12:51:08.568000Z
738,1.13808,1.1381000000000001,1389999.9857,1500000.0,2019-06-28T12:51:11.952000Z
739,1.13804,1.13806,1200000.0477,1500000.0,2019-06-28T12:51:12.054000Z
740,1.1380299999999999,1.13806,1950000.0477,1250000.0,2019-06-28T12:51:12.157000Z
741,1.13802,1.13805,5639999.8665,1000000.0,2019-06-28T12:51:12.463000Z
742,1.1380299999999999,1.13806,1000000.0,2809999.9428,2019-06-28T12:51:12.614000Z
743,1.13802,1.13806,2539999.9619,6699999.8093,2019-06-28T12:51:13.275000Z
744,1.1380100000000002,1.13804,4820000.1717,1250000.0,2019-06-28T12:51:13.428000Z
745,1.1380100000000002,1.13804,1500000.0,1250000.0,2019-06-28T12:51:13.607000Z
746,1.1380000000000001,1.13804,9069999.6948,1870000.0048,2019-06-28T12:51:14.269000Z
747,1.1380000000000001,1.13804,5070000.1717,1870000.0048,2019-06-28T12:51:14.535000Z
748,1.1380000000000001,1.1380299999999999,4010000.2289,1000000.0,2019-06-28T12:51:15.477000Z
749,1.1380000000000001,1.1380299999999999,3940000.0572,1500000.0,2019-06-28T12:51:15.579000Z
750,1.1380000000000001,1.13804,1009999.9905,2190000.0572,2019-06-28T12:51:15.682000Z
751,1.13799,1.13804,7099999.9046,2440000.0572,2019-06-28T12:51:15.784000Z
752,1.1380000000000001,1.1380299999999999,1690000.0572,1500000.0,2019-06-28T12:51:16.137000Z
753,1.13799,1.1380299999999999,7449999.8093,1000000.0,2019-06-28T12:51:16.641000Z
754,1.13799,1.13802,1409999.9666,3750000.0,2019-06-28T12:51:17.211000Z
755,1.1379700000000001,1.1380000000000001,1389999.9857,3000000.0,2019-06-28T12:51:17.334000Z
756,1.13798,1.1380000000000001,1000000.0,1500000.0,2019-06-28T12:51:18.287000Z
757,1.13798,1.1380100000000002,2500000.0,1200000.0477,2019-06-28T12:51:18.783000Z
758,1.1380000000000001,1.1380100000000002,1000000.0,1000000.0,2019-06-28T12:51:21.215000Z
759,1.13799,1.1380299999999999,1250000.0,8449999.8093,2019-06-28T12:51:21.548000Z
760,1.1380000000000001,1.1380299999999999,3190000.0572,5619999.8856,2019-06-28T12:51:22.908000Z
761,1.13802,1.1380299999999999,1000000.0,1500000.0,2019-06-28T12:51:23.664000Z
762,1.1380100000000002,1.13804,2250000.0,1309999.9428,2019-06-28T12:51:23.766000Z
763,1.1380000000000001,1.13804,3859999.8951,1309999.9428,2019-06-28T12:51:23.868000Z
764,1.1380000000000001,1.13802,1000000.0,1750000.0,2019-06-28T12:51:26.014000Z
765,1.13799,1.1380299999999999,2440000.0572,7820000.1717,2019-06-28T12:51:26.117000Z
766,1.13799,1.13802,2500000.0,2250000.0,2019-06-28T12:51:26.386000Z
767,1.13799,1.1380299999999999,1750000.0,6820000.1717,2019-06-28T12:51:26.493000Z
768,1.1380000000000001,1.13804,3940000.0572,7989999.7711,2019-06-28T12:51:26.646000Z
769,1.1380000000000001,1.13804,2500000.0,6670000.0763,2019-06-28T12:51:26.749000Z
770,1.1380000000000001,1.1380299999999999,4750000.0,1000000.0,2019-06-28T12:51:27.037000Z
771,1.1380000000000001,1.1380299999999999,4010000.2289,1000000.0,2019-06-28T12:51:27.693000Z
772,1.1380000000000001,1.13804,4010000.2289,7539999.9619,2019-06-28T12:51:28.037000Z
773,1.1380100000000002,1.13804,1000000.0,4539999.9619,2019-06-28T12:51:28.263000Z
774,1.1380100000000002,1.1380299999999999,1000000.0,1000000.0,2019-06-28T12:51:28.366000Z
775,1.1380100000000002,1.13804,1000000.0,4539999.9619,2019-06-28T12:51:28.467000Z
776,1.1380100000000002,1.1380299999999999,1250000.0,1000000.0,2019-06-28T12:51:29.189000Z
777,1.1380100000000002,1.13804,1250000.0,4420000.0763,2019-06-28T12:51:29.749000Z
778,1.1380100000000002,1.1380299999999999,2440000.0572,1000000.0,2019-06-28T12:51:30.670000Z
779,1.1380100000000002,1.13804,3190000.0572,6750000.0,2019-06-28T12:51:30.777000Z
780,1.1380000000000001,1.13804,4659999.8474,6949999.8093,2019-06-28T12:51:30.878000Z
781,1.1380000000000001,1.13804,1250000.0,7570000.1717,2019-06-28T12:51:33.259000Z
782,1.1380000000000001,1.13802,2250000.0,1000000.0,2019-06-28T12:51:33.822000Z
783,1.1380000000000001,1.1380299999999999,1500000.0,2809999.9428,2019-06-28T12:51:35.348000Z
784,1.1380000000000001,1.13802,2250000.0,1000000.0,2019-06-28T12:51:35.450000Z
785,1.13799,1.1380299999999999,8140000.3433,7969999.7902,2019-06-28T12:51:36.944000Z
786,1.13798,1.1380000000000001,1000000.0,2059999.9428,2019-06-28T12:51:37.167000Z
787,1.1379700000000001,1.13799,1000000.0,1120000.0048,2019-06-28T12:51:37.270000Z
788,1.13796,1.13799,2440000.0572,2619999.8856,2019-06-28T12:51:37.372000Z
789,1.13795,1.13799,8140000.3433,2440000.0572,2019-06-28T12:51:38.544000Z
790,1.13794,1.1379700000000001,2440000.0572,1250000.0,2019-06-28T12:51:38.646000Z
791,1.13795,1.1379700000000001,1000000.0,1250000.0,2019-06-28T12:51:38.758000Z
792,1.13796,1.13798,2250000.0,1000000.0,2019-06-28T12:51:40.179000Z
793,1.13795,1.13798,1250000.0,3750000.0,2019-06-28T12:51:40.433000Z
794,1.13796,1.13798,3750000.0,1000000.0,2019-06-28T12:51:40.688000Z
795,1.13796,1.1380000000000001,2500000.0,6820000.1717,2019-06-28T12:51:40.789000Z
796,1.13798,1.1380000000000001,1500000.0,4119999.8856,2019-06-28T12:51:40.891000Z
797,1.13799,1.1380000000000001,1000000.0,1500000.0,2019-06-28T12:51:41.494000Z
798,1.13796,1.13798,1000000.0,2890000.1049,2019-06-28T12:51:42.278000Z
799,1.13794,1.1379700000000001,1000000.0,4690000.0572,2019-06-28T12:51:42.380000Z
800,1.13796,1.1379700000000001,1000000.0,1120000.0048,2019-06-28T12:51:42.483000Z
801,1.1379700000000001,1.13798,1120000.0048,1120000.0048,2019-06-28T12:51:42.637000Z
802,1.13798,1.1380000000000001,1000000.0,5320000.1717,2019-06-28T12:51:42.798000Z
803,1.13798,1.1380100000000002,1500000.0,2440000.0572,2019-06-28T12:51:42.900000Z
804,1.13799,1.1380100000000002,1000000.0,3940000.0572,2019-06-28T12:51:43.612000Z
805,1.13799,1.1380100000000002,3250000.0,1000000.0,2019-06-28T12:51:45.455000Z
806,1.1380000000000001,1.1380299999999999,1690000.0572,4199999.8093,2019-06-28T12:51:45.559000Z
807,1.13802,1.1380299999999999,1000000.0,1000000.0,2019-06-28T12:51:45.611000Z
808,1.13802,1.13805,1000000.0,4440000.0572,2019-06-28T12:51:45.745000Z
809,1.13802,1.1380299999999999,1000000.0,1000000.0,2019-06-28T12:51:45.897000Z
810,1.1380100000000002,1.13804,5440000.0572,2000000.0,2019-06-28T12:51:45.999000Z
811,1.13799,1.13802,4690000.0572,1120000.0048,2019-06-28T12:51:48.462000Z
812,1.1380000000000001,1.13802,1000000.0,1870000.0048,2019-06-28T12:51:50.828000Z
813,1.13799,1.13802,3190000.0572,1870000.0048,2019-06-28T12:51:51.766000Z
814,1.1380100000000002,1.1380299999999999,2250000.0,6010000.2289,2019-06-28T12:51:58.127000Z
815,1.1380000000000001,1.13804,9319999.6948,2000000.0,2019-06-28T12:51:58.232000Z
816,1.1380000000000001,1.13802,8699999.8093,1000000.0,2019-06-28T12:51:58.714000Z
817,1.1380100000000002,1.1380299999999999,3000000.0,1500000.0,2019-06-28T12:51:58.765000Z
818,1.13799,1.13802,5250000.0,1690000.0572,2019-06-28T12:51:58.867000Z
819,1.1380000000000001,1.1380299999999999,1250000.0,2720000.0286,2019-06-28T12:51:59.020000Z
820,1.13799,1.13802,3190000.0572,2250000.0,2019-06-28T12:52:00.290000Z
821,1.13799,1.1380100000000002,3039999.9619,1000000.0,2019-06-28T12:52:02.062000Z
822,1.1380000000000001,1.13802,2809999.9428,1000000.0,2019-06-28T12:52:02.172000Z
823,1.1380000000000001,1.1380299999999999,1120000.0048,3000000.0,2019-06-28T12:52:02.273000Z
824,1.1380000000000001,1.13802,2440000.0572,1690000.0572,2019-06-28T12:52:02.376000Z
825,1.1380000000000001,1.13802,1250000.0,2190000.0572,2019-06-28T12:52:04.042000Z
826,1.13799,1.13802,2250000.0,2940000.0572,2019-06-28T12:52:10.176000Z
827,1.13798,1.1380000000000001,3000000.0,1500000.0,2019-06-28T12:52:11.970000Z
828,1.13798,1.1380000000000001,1000000.0,2000000.0,2019-06-28T12:52:12.123000Z
829,1.13798,1.1380000000000001,1000000.0,1500000.0,2019-06-28T12:52:12.224000Z
830,1.13798,1.1380000000000001,1000000.0,3690000.0572,2019-06-28T12:52:14.050000Z
831,1.1379700000000001,1.1380000000000001,1350000.0238,3690000.0572,2019-06-28T12:52:14.828000Z
832,1.13796,1.13799,1000000.0,5440000.0572,2019-06-28T12:52:18.130000Z
833,1.13795,1.1379700000000001,5510000.2289,1000000.0,2019-06-28T12:52:18.181000Z
834,1.13795,1.13798,1690000.0572,1100000.0238,2019-06-28T12:52:18.282000Z
835,1.13794,1.1379700000000001,2440000.0572,1000000.0,2019-06-28T12:52:20.389000Z
836,1.13794,1.13796,1000000.0,2440000.0572,2019-06-28T12:52:20.593000Z
837,1.1379299999999999,1.13796,3299999.9523,1759999.9905,2019-06-28T12:52:22.085000Z
838,1.13794,1.13796,1000000.0,2509999.9905,2019-06-28T12:52:23.085000Z
839,1.13795,1.13796,1000000.0,2440000.0572,2019-06-28T12:52:38.677000Z
840,1.13795,1.13798,1000000.0,8439999.5804,2019-06-28T12:52:38.839000Z
841,1.13796,1.13799,1870000.0048,9260000.2289,2019-06-28T12:52:38.941000Z
842,1.13796,1.13798,2700000.0477,1000000.0,2019-06-28T12:52:39.043000Z
843,1.1379700000000001,1.13799,1690000.0572,2509999.9905,2019-06-28T12:52:39.145000Z
844,1.13798,1.1380000000000001,1690000.0572,1870000.0048,2019-06-28T12:52:39.247000Z
845,1.13798,1.13802,2440000.0572,4010000.2289,2019-06-28T12:52:39.345000Z
846,1.13799,1.13802,1000000.0,4760000.2289,2019-06-28T12:52:39.447000Z
847,1.13799,1.1380100000000002,1000000.0,1000000.0,2019-06-28T12:52:39.549000Z
848,1.13799,1.13802,1000000.0,4760000.2289,2019-06-28T12:52:39.657000Z
849,1.13799,1.1380100000000002,1250000.0,1000000.0,2019-06-28T12:52:39.962000Z
850,1.13799,1.13802,1250000.0,5250000.0,2019-06-28T12:52:40.063000Z
851,1.13799,1.1380100000000002,6940000.0572,2250000.0,2019-06-28T12:52:40.179000Z
852,1.1380000000000001,1.1380100000000002,1000000.0,1000000.0,2019-06-28T12:52:40.332000Z
853,1.1380100000000002,1.1380299999999999,1500000.0,3849999.9046,2019-06-28T12:52:40.486000Z
854,1.1380100000000002,1.13804,2660000.0858,2849999.9046,2019-06-28T12:52:40.639000Z
855,1.1380100000000002,1.1380299999999999,2289999.9619,1000000.0,2019-06-28T12:52:40.746000Z
856,1.1380100000000002,1.13804,1610000.0143,3299999.9523,2019-06-28T12:52:40.848000Z
857,1.13802,1.13805,1000000.0,6409999.8474,2019-06-28T12:52:40.951000Z
858,1.13802,1.13805,1000000.0,6639999.8665,2019-06-28T12:52:41.483000Z
859,1.13802,1.13804,1000000.0,1000000.0,2019-06-28T12:52:41.913000Z
860,1.13802,1.13805,1000000.0,5809999.9428,2019-06-28T12:52:42.015000Z
861,1.1380299999999999,1.13805,1000000.0,1120000.0048,2019-06-28T12:52:42.167000Z
862,1.13802,1.13806,1250000.0,5260000.2289,2019-06-28T12:52:42.332000Z
863,1.1380299999999999,1.13806,1000000.0,4510000.2289,2019-06-28T12:52:44.306000Z
864,1.13802,1.13806,3640000.1049,2940000.0572,2019-06-28T12:52:44.442000Z
865,1.1380299999999999,1.13806,1000000.0,3690000.0572,2019-06-28T12:52:44.883000Z
866,1.13802,1.13806,4760000.2289,4059999.9428,2019-06-28T12:52:45.415000Z
867,1.1380299999999999,1.13806,1000000.0,6309999.9428,2019-06-28T12:52:46.768000Z
868,1.13802,1.13806,4389999.8665,3309999.9428,2019-06-28T12:52:47.393000Z
869,1.1380299999999999,1.13806,1000000.0,5940000.0572,2019-06-28T12:52:47.632000Z
870,1.13802,1.13806,4119999.8856,6760000.2289,2019-06-28T12:52:51.587000Z
871,1.13802,1.13804,1250000.0,2190000.0572,2019-06-28T12:52:51.740000Z
872,1.1380000000000001,1.13802,1500000.0,1750000.0,2019-06-28T12:52:51.842000Z
873,1.13799,1.13802,1000000.0,3170000.0763,2019-06-28T12:52:51.943000Z
874,1.13799,1.13802,1000000.0,3259999.9905,2019-06-28T12:52:52.045000Z
875,1.1380000000000001,1.1380299999999999,1250000.0,4050000.1907,2019-06-28T12:52:52.278000Z
876,1.1380000000000001,1.13802,1100000.0238,1000000.0,2019-06-28T12:52:52.380000Z
877,1.13799,1.13802,3750000.0,1250000.0,2019-06-28T12:52:52.482000Z
878,1.1380000000000001,1.13802,1000000.0,1250000.0,2019-06-28T12:52:53.227000Z
879,1.13799,1.13802,4500000.0,1250000.0,2019-06-28T12:52:53.627000Z
880,1.13799,1.1380100000000002,2319999.9332,1500000.0,2019-06-28T12:52:57.030000Z
881,1.13798,1.13799,2250000.0,1000000.0,2019-06-28T12:52:57.132000Z
882,1.1379700000000001,1.1380000000000001,1250000.0,3660000.0858,2019-06-28T12:52:57.258000Z
883,1.1379700000000001,1.1380000000000001,6190000.0572,3000000.0,2019-06-28T12:52:57.360000Z
884,1.1379700000000001,1.1380000000000001,6250000.0,1000000.0,2019-06-28T12:52:57.462000Z
885,1.13798,1.1380100000000002,1250000.0,5320000.1717,2019-06-28T12:52:57.665000Z
886,1.13798,1.1380000000000001,1250000.0,3000000.0,2019-06-28T12:53:01.184000Z
887,1.1379700000000001,1.1380000000000001,3450000.0477,1570000.0525,2019-06-28T12:53:01.552000Z
888,1.1379700000000001,1.1380000000000001,1450000.0477,1570000.0525,2019-06-28T12:53:01.654000Z
889,1.13799,1.1380000000000001,1000000.0,2319999.9332,2019-06-28T12:53:04.898000Z
890,1.13798,1.1380000000000001,1250000.0,2319999.9332,2019-06-28T12:53:05.178000Z
891,1.13799,1.1380100000000002,2440000.0572,3069999.9332,2019-06-28T12:53:13Z
892,1.1380000000000001,1.13802,1250000.0,1120000.0048,2019-06-28T12:53:13.102000Z
893,1.1380000000000001,1.13802,2500000.0,1500000.0,2019-06-28T12:53:13.220000Z
894,1.1380000000000001,1.1380100000000002,1500000.0,2250000.0,2019-06-28T12:53:13.322000Z
895,1.13799,1.1380100000000002,2500000.0,2250000.0,2019-06-28T12:53:13.423000Z
896,1.1380100000000002,1.13802,1500000.0,1500000.0,2019-06-28T12:53:16.446000Z
897,1.1380000000000001,1.1380299999999999,5119999.8856,1000000.0,2019-06-28T12:53:16.548000Z
898,1.1380100000000002,1.1380299999999999,1250000.0,1500000.0,2019-06-28T12:53:16.649000Z
899,1.1380000000000001,1.13802,1250000.0,1000000.0,2019-06-28T12:53:16.853000Z
900,1.13799,1.13802,3259999.9905,6070000.1717,2019-06-28T12:53:17.005000Z
901,1.13799,1.1380100000000002,2890000.1049,1000000.0,2019-06-28T12:53:17.158000Z
902,1.13799,1.13802,2140000.1049,7199999.8093,2019-06-28T12:53:17.259000Z
903,1.13798,1.1380100000000002,4070000.1717,1950000.0477,2019-06-28T12:53:17.861000Z
904,1.1379700000000001,1.1380000000000001,5889999.8665,1000000.0,2019-06-28T12:53:19.271000Z
905,1.13796,1.13799,4219999.7902,6750000.0,2019-06-28T12:53:19.373000Z
906,1.13796,1.1379700000000001,1000000.0,1000000.0,2019-06-28T12:53:19.453000Z
907,1.13796,1.13798,1690000.0572,1000000.0,2019-06-28T12:53:19.556000Z
908,1.13796,1.1379700000000001,1000000.0,1000000.0,2019-06-28T12:53:19.658000Z
909,1.13795,1.13798,1690000.0572,1000000.0,2019-06-28T12:53:19.760000Z
910,1.13794,1.1379700000000001,3039999.9619,1000000.0,2019-06-28T12:53:19.862000Z
911,1.13795,1.13798,1000000.0,4760000.2289,2019-06-28T12:53:20.098000Z
912,1.13795,1.1379700000000001,1000000.0,1000000.0,2019-06-28T12:53:20.200000Z
913,1.13794,1.1379700000000001,2440000.0572,3500000.0,2019-06-28T12:53:20.942000Z
914,1.1379299999999999,1.13795,1750000.0,1120000.0048,2019-06-28T12:53:21.053000Z
915,1.13792,1.13794,1690000.0572,1000000.0,2019-06-28T12:53:21.105000Z
916,1.1379299999999999,1.13795,1000000.0,5699999.8093,2019-06-28T12:53:21.156000Z
917,1.13792,1.13794,1690000.0572,1100000.0238,2019-06-28T12:53:21.207000Z
918,1.1379299999999999,1.13795,1000000.0,1000000.0,2019-06-28T12:53:21.309000Z
919,1.13792,1.13795,1690000.0572,1000000.0,2019-06-28T12:53:21.512000Z
920,1.13794,1.13795,1000000.0,1000000.0,2019-06-28T12:53:21.563000Z
921,1.1379299999999999,1.13795,1000000.0,1000000.0,2019-06-28T12:53:21.664000Z
922,1.13792,1.13795,1690000.0572,1000000.0,2019-06-28T12:53:21.766000Z
923,1.1379299999999999,1.13795,1000000.0,1000000.0,2019-06-28T12:53:22.181000Z
924,1.13792,1.13795,3190000.0572,1500000.0,2019-06-28T12:53:22.333000Z
925,1.1379299999999999,1.13795,1690000.0572,1000000.0,2019-06-28T12:53:22.435000Z
926,1.13795,1.1379700000000001,1000000.0,2700000.0477,2019-06-28T12:53:23.405000Z
927,1.13795,1.1379700000000001,1250000.0,2000000.0,2019-06-28T12:53:23.559000Z
928,1.13794,1.13796,1000000.0,1000000.0,2019-06-28T12:53:23.704000Z
929,1.1379299999999999,1.1379700000000001,1009999.9905,9789999.9619,2019-06-28T12:53:23.856000Z
930,1.1379299999999999,1.13795,1250000.0,1000000.0,2019-06-28T12:53:24.266000Z
931,1.1379100000000002,1.1379299999999999,2599999.9046,1000000.0,2019-06-28T12:53:24.623000Z
932,1.1379000000000001,1.1379299999999999,2500000.0,2319999.9332,2019-06-28T12:53:24.725000Z
933,1.1379000000000001,1.13792,4750000.0,1000000.0,2019-06-28T12:53:24.827000Z
934,1.1379000000000001,1.1379299999999999,2500000.0,2250000.0,2019-06-28T12:53:24.956000Z
935,1.13788,1.1379000000000001,2140000.1049,1309999.9428,2019-06-28T12:53:25.087000Z
936,1.1378700000000002,1.13788,1250000.0,1000000.0,2019-06-28T12:53:25.498000Z
937,1.1378000000000001,1.13781,3069999.9332,1000000.0,2019-06-28T12:53:25.706000Z
938,1.13778,1.1378000000000001,1570000.0525,1509999.9905,2019-06-28T12:53:25.811000Z
939,1.13778,1.13781,1250000.0,3819999.9332,2019-06-28T12:53:25.862000Z
940,1.1377700000000002,1.13781,1750000.0,2819999.9332,2019-06-28T12:53:25.913000Z
941,1.13779,1.1378000000000001,1000000.0,1000000.0,2019-06-28T12:53:26.065000Z
942,1.13778,1.1378000000000001,1250000.0,1100000.0238,2019-06-28T12:53:26.223000Z
943,1.13776,1.13778,5239999.7711,1000000.0,2019-06-28T12:53:26.274000Z
944,1.13776,1.1377700000000002,2250000.0,1000000.0,2019-06-28T12:53:26.376000Z
945,1.13775,1.13776,2619999.8856,3970000.0286,2019-06-28T12:53:26.478000Z
946,1.13772,1.13775,3259999.9905,1000000.0,2019-06-28T12:53:26.529000Z
947,1.13773,1.13775,1000000.0,1950000.0477,2019-06-28T12:53:26.628000Z
948,1.13772,1.13775,3069999.9332,1570000.0525,2019-06-28T12:53:26.730000Z
949,1.13775,1.1377700000000002,1870000.0048,1500000.0,2019-06-28T12:53:28.605000Z
950,1.13773,1.13776,2690000.0572,2250000.0,2019-06-28T12:53:28.707000Z
951,1.13772,1.13776,2500000.0,2700000.0477,2019-06-28T12:53:28.809000Z
952,1.13771,1.13773,2950000.0477,1000000.0,2019-06-28T12:53:29.012000Z
953,1.1377000000000002,1.13774,8869999.8856,1570000.0525,2019-06-28T12:53:29.165000Z
954,1.13773,1.13774,1000000.0,1000000.0,2019-06-28T12:53:29.368000Z
955,1.13772,1.13774,1690000.0572,1200000.0477,2019-06-28T12:53:29.471000Z
956,1.13771,1.13774,2890000.1049,1100000.0238,2019-06-28T12:53:29.572000Z
957,1.13771,1.13773,4690000.0572,1000000.0,2019-06-28T12:53:31.272000Z
958,1.13771,1.13773,3940000.0572,1000000.0,2019-06-28T12:53:34.382000Z
959,1.13771,1.13774,3059999.9428,1000000.0,2019-06-28T12:53:34.595000Z
960,1.13771,1.13775,4559999.9428,4199999.8093,2019-06-28T12:53:35.290000Z
961,1.13774,1.13776,1419999.9571,1600000.0238,2019-06-28T12:53:36.433000Z
962,1.13773,1.13776,2500000.0,1000000.0,2019-06-28T12:53:36.535000Z
963,1.13773,1.13776,1559999.9428,2470000.0286,2019-06-28T12:53:36.637000Z
964,1.13773,1.13776,2309999.9428,1200000.0477,2019-06-28T12:53:37.032000Z
965,1.13773,1.1377700000000002,2309999.9428,6449999.8093,2019-06-28T12:53:37.387000Z
966,1.13773,1.1377700000000002,1750000.0,4219999.7902,2019-06-28T12:53:37.534000Z
967,1.13773,1.1377700000000002,2500000.0,6449999.8093,2019-06-28T12:53:37.764000Z
968,1.13773,1.1377700000000002,2500000.0,6469999.7902,2019-06-28T12:53:37.967000Z
969,1.13773,1.1377700000000002,2500000.0,6449999.8093,2019-06-28T12:53:38.124000Z
970,1.13773,1.1377700000000002,2500000.0,6469999.7902,2019-06-28T12:53:38.226000Z
971,1.13773,1.1377700000000002,2500000.0,6449999.8093,2019-06-28T12:53:38.328000Z
972,1.13775,1.1377700000000002,1250000.0,1100000.0238,2019-06-28T12:53:39.184000Z
973,1.13776,1.13778,1000000.0,1200000.0477,2019-06-28T12:53:39.286000Z
974,1.13776,1.13779,1690000.0572,1870000.0048,2019-06-28T12:53:39.388000Z
975,1.1377700000000002,1.1378000000000001,1250000.0,7699999.8093,2019-06-28T12:53:39.490000Z
976,1.1377700000000002,1.1378000000000001,3259999.9905,1950000.0477,2019-06-28T12:53:39.852000Z
977,1.1378000000000001,1.13781,1000000.0,4690000.0572,2019-06-28T12:53:39.903000Z
978,1.13778,1.13782,4449999.8093,2809999.9428,2019-06-28T12:53:40.005000Z
979,1.13778,1.13781,3640000.1049,1000000.0,2019-06-28T12:53:40.158000Z
980,1.13778,1.13782,2890000.1049,2809999.9428,2019-06-28T12:53:40.276000Z
981,1.13779,1.13781,1000000.0,1000000.0,2019-06-28T12:53:40.378000Z
982,1.13778,1.13782,1389999.9857,3559999.9428,2019-06-28T12:53:40.836000Z
983,1.13778,1.13781,2369999.8856,1000000.0,2019-06-28T12:53:41.096000Z
984,1.13778,1.13782,1309999.9428,2890000.1049,2019-06-28T12:53:41.311000Z
985,1.13778,1.13781,1309999.9428,1120000.0048,2019-06-28T12:53:41.420000Z
986,1.1377700000000002,1.1378000000000001,2119999.8856,3190000.0572,2019-06-28T12:53:43.297000Z
987,1.1377700000000002,1.13781,2809999.9428,2509999.9905,2019-06-28T12:53:43.473000Z
988,1.13778,1.13781,1250000.0,3640000.1049,2019-06-28T12:53:43.783000Z
989,1.1377700000000002,1.13781,2809999.9428,2140000.1049,2019-06-28T12:53:44.741000Z
990,1.13779,1.13781,1000000.0,2059999.9428,2019-06-28T12:53:44.793000Z
991,1.13779,1.13781,3750000.0,1000000.0,2019-06-28T12:53:45.216000Z
992,1.1378000000000001,1.13783,2440000.0572,1200000.0477,2019-06-28T12:53:45.318000Z
993,1.13782,1.13784,1250000.0,2750000.0,2019-06-28T12:53:45.505000Z
994,1.13783,1.13786,1690000.0572,9470000.267,2019-06-28T12:53:45.556000Z
995,1.13783,1.13786,1250000.0,1870000.0048,2019-06-28T12:53:45.658000Z
996,1.13782,1.13785,3559999.9428,1000000.0,2019-06-28T12:53:45.709000Z
997,1.13782,1.13784,1690000.0572,1000000.0,2019-06-28T12:53:46.444000Z
998,1.13782,1.13785,1250000.0,1500000.0,2019-06-28T12:53:46.548000Z
999,1.13781,1.13786,3319999.9332,11890000.3433,2019-06-28T12:53:47.061000Z
1000,1.13781,1.13785,7820000.1717,1500000.0,2019-06-28T12:53:48.880000Z
1001,1.13783,1.13785,1690000.0572,1690000.0572,2019-06-28T12:53:51.298000Z
1002,1.13783,1.13786,1690000.0572,4119999.8856,2019-06-28T12:53:51.436000Z
1003,1.13782,1.13784,1500000.0,1000000.0,2019-06-28T12:53:51.695000Z
1004,1.13783,1.13784,1000000.0,1000000.0,2019-06-28T12:53:52.235000Z
1005,1.13783,1.13786,2440000.0572,4500000.0,2019-06-28T12:53:52.438000Z
1006,1.13785,1.1378700000000002,1000000.0,5440000.0572,2019-06-28T12:53:52.540000Z
1007,1.13786,1.1379000000000001,5570000.1717,2250000.0,2019-06-28T12:53:52.685000Z
1008,1.13789,1.1379000000000001,1000000.0,1000000.0,2019-06-28T12:53:52.837000Z
1009,1.1378700000000002,1.1379000000000001,2440000.0572,1000000.0,2019-06-28T12:53:52.888000Z
1010,1.13788,1.1379000000000001,1250000.0,1000000.0,2019-06-28T12:53:52.939000Z
1011,1.1378700000000002,1.13789,2119999.8856,1000000.0,2019-06-28T12:53:53.042000Z
1012,1.1378700000000002,1.1379000000000001,1250000.0,3940000.0572,2019-06-28T12:53:53.340000Z
1013,1.13789,1.1379100000000002,1690000.0572,1000000.0,2019-06-28T12:53:53.442000Z
1014,1.1379000000000001,1.1379100000000002,1000000.0,1000000.0,2019-06-28T12:53:53.544000Z
1015,1.13789,1.1379100000000002,1759999.9905,1000000.0,2019-06-28T12:53:53.722000Z
1016,1.13789,1.1379100000000002,1820000.0525,1000000.0,2019-06-28T12:53:53.961000Z
1017,1.1379000000000001,1.13792,1250000.0,1000000.0,2019-06-28T12:53:54.652000Z
1018,1.1379100000000002,1.13794,1250000.0,8109999.6567,2019-06-28T12:53:54.908000Z
1019,1.1379100000000002,1.13794,5500000.0,2250000.0,2019-06-28T12:53:55.264000Z
1020,1.1379100000000002,1.13794,3099999.9046,1000000.0,2019-06-28T12:53:55.417000Z
1021,1.1379000000000001,1.13792,1750000.0,1000000.0,2019-06-28T12:53:55.518000Z
1022,1.1379000000000001,1.13792,3190000.0572,1000000.0,2019-06-28T12:54:00.018000Z
1023,1.13789,1.1379100000000002,1250000.0,1000000.0,2019-06-28T12:54:01.385000Z
1024,1.13789,1.1379000000000001,1250000.0,1000000.0,2019-06-28T12:54:03.934000Z
1025,1.13788,1.1379000000000001,2319999.9332,2250000.0,2019-06-28T12:54:04.258000Z
1026,1.13786,1.13789,8810000.4196,2250000.0,2019-06-28T12:54:04.360000Z
1027,1.13786,1.13788,5250000.0,3319999.9332,2019-06-28T12:54:04.449000Z
1028,1.13784,1.1378700000000002,4500000.0,1000000.0,2019-06-28T12:54:04.551000Z
1029,1.13785,1.1378700000000002,1250000.0,1120000.0048,2019-06-28T12:54:04.653000Z
1030,1.13786,1.1378700000000002,1500000.0,1000000.0,2019-06-28T12:54:05.240000Z
1031,1.13786,1.13789,1000000.0,7610000.1335,2019-06-28T12:54:05.291000Z
1032,1.13785,1.1378700000000002,5440000.0572,1000000.0,2019-06-28T12:54:05.493000Z
1033,1.13785,1.13789,3559999.9428,1759999.9905,2019-06-28T12:54:05.596000Z
1034,1.13786,1.13789,1690000.0572,1950000.0477,2019-06-28T12:54:05.698000Z
1035,1.13785,1.13789,3559999.9428,2509999.9905,2019-06-28T12:54:05.949000Z
1036,1.13786,1.13789,1000000.0,3640000.1049,2019-06-28T12:54:06.051000Z
1037,1.13782,1.13785,14010000.2289,3039999.9619,2019-06-28T12:54:06.161000Z
1038,1.13782,1.13784,1250000.0,1350000.0238,2019-06-28T12:54:06.263000Z
1039,1.13782,1.13785,1250000.0,7239999.7711,2019-06-28T12:54:12.011000Z
1040,1.13782,1.13784,1250000.0,1000000.0,2019-06-28T12:54:12.113000Z
1041,1.13782,1.13785,1250000.0,2890000.1049,2019-06-28T12:54:13.802000Z
1042,1.13781,1.13784,1690000.0572,1000000.0,2019-06-28T12:54:14.126000Z
1043,1.13781,1.13785,1250000.0,3640000.1049,2019-06-28T12:54:14.486000Z
1044,1.13781,1.13785,3059999.9428,6070000.1717,2019-06-28T12:54:14.589000Z
1045,1.13783,1.13785,1500000.0,1500000.0,2019-06-28T12:54:15.765000Z
1046,1.13782,1.13785,3640000.1049,2319999.9332,2019-06-28T12:54:16.244000Z
1047,1.13783,1.13785,1000000.0,2250000.0,2019-06-28T12:54:16.859000Z
1048,1.1378700000000002,1.13788,1000000.0,1200000.0477,2019-06-28T12:54:16.961000Z
1049,1.1378700000000002,1.13789,1000000.0,3369999.8856,2019-06-28T12:54:17.012000Z
1050,1.1378700000000002,1.13788,1250000.0,1000000.0,2019-06-28T12:54:17.114000Z
1051,1.1378700000000002,1.13789,1250000.0,2250000.0,2019-06-28T12:54:17.215000Z
1052,1.13786,1.13788,2440000.0572,1000000.0,2019-06-28T12:54:18.861000Z
1053,1.1378700000000002,1.13789,1250000.0,3000000.0,2019-06-28T12:54:19.181000Z
1054,1.13789,1.1379000000000001,1500000.0,1000000.0,2019-06-28T12:54:24.020000Z
1055,1.1379100000000002,1.1379299999999999,1750000.0,1000000.0,2019-06-28T12:54:24.122000Z
1056,1.13792,1.13795,2809999.9428,3069999.9332,2019-06-28T12:54:24.173000Z
1057,1.13792,1.13794,1250000.0,1000000.0,2019-06-28T12:54:24.340000Z
1058,1.13792,1.13795,1250000.0,3000000.0,2019-06-28T12:54:25.788000Z
1059,1.13792,1.13795,2160000.0858,2619999.8856,2019-06-28T12:54:25.992000Z
1060,1.13795,1.13796,1000000.0,3819999.9332,2019-06-28T12:54:26.115000Z
1061,1.13794,1.1379700000000001,2140000.1049,3000000.0,2019-06-28T12:54:26.217000Z
1062,1.13796,1.13798,1000000.0,6449999.8093,2019-06-28T12:54:27.462000Z
1063,1.1379700000000001,1.13799,1309999.9428,1500000.0,2019-06-28T12:54:31.137000Z
1064,1.13799,1.1380000000000001,1500000.0,2250000.0,2019-06-28T12:54:32.223000Z
1065,1.13798,1.1380100000000002,1559999.9428,1250000.0,2019-06-28T12:54:32.325000Z
1066,1.1380000000000001,1.13802,2250000.0,3069999.9332,2019-06-28T12:54:34.771000Z
1067,1.13799,1.1380299999999999,2619999.8856,3619999.8856,2019-06-28T12:54:34.955000Z
1068,1.1380000000000001,1.1380299999999999,1000000.0,4369999.8856,2019-06-28T12:54:35.209000Z
1069,1.1380100000000002,1.13804,1309999.9428,6070000.1717,2019-06-28T12:54:36.071000Z
1070,1.13802,1.13804,1000000.0,5320000.1717,2019-06-28T12:54:36.173000Z
1071,1.1380100000000002,1.13804,2140000.1049,4119999.8856,2019-06-28T12:54:36.713000Z
1072,1.1380000000000001,1.1380299999999999,3190000.0572,2250000.0,2019-06-28T12:54:36.815000Z
1073,1.1380000000000001,1.13802,1389999.9857,1000000.0,2019-06-28T12:54:37.252000Z
1074,1.1380000000000001,1.1380299999999999,1389999.9857,5699999.8093,2019-06-28T12:54:37.511000Z
1075,1.1380100000000002,1.1380299999999999,1500000.0,1000000.0,2019-06-28T12:54:37.613000Z
1076,1.13799,1.1380299999999999,8170000.0763,2500000.0,2019-06-28T12:54:37.714000Z
1077,1.1380100000000002,1.1380299999999999,1500000.0,1000000.0,2019-06-28T12:54:37.816000Z
1078,1.1380100000000002,1.13805,3250000.0,7570000.1717,2019-06-28T12:54:39.513000Z
1079,1.13804,1.13805,1000000.0,4869999.8856,2019-06-28T12:54:39.615000Z
1080,1.13804,1.13806,1000000.0,4869999.8856,2019-06-28T12:54:39.717000Z
1081,1.1380299999999999,1.1380700000000001,3819999.9332,7539999.9619,2019-06-28T12:54:40.073000Z
1082,1.1380299999999999,1.13805,1009999.9905,1000000.0,2019-06-28T12:54:40.631000Z
1083,1.13802,1.13804,1200000.0477,3750000.0,2019-06-28T12:54:42.813000Z
1084,1.1380000000000001,1.13804,1690000.0572,3259999.9905,2019-06-28T12:54:42.917000Z
1085,1.13799,1.1380299999999999,7510000.2289,1309999.9428,2019-06-28T12:54:43.019000Z
1086,1.1380000000000001,1.13804,4760000.2289,5659999.8474,2019-06-28T12:54:43.173000Z
1087,1.1380000000000001,1.1380299999999999,1309999.9428,1000000.0,2019-06-28T12:54:43.275000Z
1088,1.13802,1.13804,1120000.0048,2700000.0477,2019-06-28T12:54:43.377000Z
1089,1.1380299999999999,1.13805,1000000.0,1000000.0,2019-06-28T12:54:43.504000Z
1090,1.1380299999999999,1.13806,1000000.0,5889999.8665,2019-06-28T12:54:43.658000Z
1091,1.1380299999999999,1.13806,1000000.0,6289999.9619,2019-06-28T12:54:44.334000Z
1092,1.13804,1.13806,4500000.0,4119999.8856,2019-06-28T12:54:44.732000Z
1093,1.13804,1.1380700000000001,5119999.8856,2319999.9332,2019-06-28T12:54:44.783000Z
1094,1.13805,1.13808,4369999.8856,1120000.0048,2019-06-28T12:54:45.251000Z
1095,1.13808,1.13809,1000000.0,2250000.0,2019-06-28T12:54:45.353000Z
1096,1.13808,1.1381100000000002,4010000.2289,3069999.9332,2019-06-28T12:54:45.455000Z
1097,1.13809,1.1381100000000002,1000000.0,1870000.0048,2019-06-28T12:54:45.557000Z
1098,1.1381000000000001,1.13813,5360000.1335,1120000.0048,2019-06-28T12:54:45.702000Z
1099,1.1381000000000001,1.13814,5360000.1335,5059999.9428,2019-06-28T12:54:45.804000Z
1100,1.1381100000000002,1.13814,1000000.0,5059999.9428,2019-06-28T12:54:45.956000Z
1101,1.1381000000000001,1.13814,5360000.1335,4309999.9428,2019-06-28T12:54:46.058000Z
1102,1.1381000000000001,1.1381100000000002,1000000.0,1000000.0,2019-06-28T12:54:46.488000Z
1103,1.13808,1.1381000000000001,1000000.0,3190000.0572,2019-06-28T12:54:46.590000Z
1104,1.13806,1.1381000000000001,3190000.0572,7809999.9428,2019-06-28T12:54:46.691000Z
1105,1.13806,1.13808,1000000.0,2440000.0572,2019-06-28T12:54:46.794000Z
1106,1.13805,1.1380700000000001,2250000.0,1000000.0,2019-06-28T12:54:46.982000Z
1107,1.13804,1.13805,1500000.0,1000000.0,2019-06-28T12:54:47.034000Z
1108,1.1380100000000002,1.13804,1759999.9905,4500000.0,2019-06-28T12:54:47.136000Z
1109,1.1380000000000001,1.1380299999999999,1200000.0477,1690000.0572,2019-06-28T12:54:47.238000Z
1110,1.13799,1.1380299999999999,3940000.0572,3259999.9905,2019-06-28T12:54:47.386000Z
1111,1.13799,1.1380299999999999,3559999.9428,4139999.8665,2019-06-28T12:54:47.488000Z
1112,1.1380000000000001,1.13802,1000000.0,1120000.0048,2019-06-28T12:54:47.591000Z
1113,1.1380100000000002,1.13804,2440000.0572,3000000.0,2019-06-28T12:54:47.693000Z
1114,1.13802,1.13805,1000000.0,6559999.9428,2019-06-28T12:54:48.028000Z
1115,1.13804,1.1380700000000001,4500000.0,2950000.0477,2019-06-28T12:54:48.130000Z
1116,1.13805,1.1380700000000001,2509999.9905,1250000.0,2019-06-28T12:54:48.181000Z
1117,1.13805,1.13806,1000000.0,1000000.0,2019-06-28T12:54:48.284000Z
1118,1.1380299999999999,1.13806,2059999.9428,1500000.0,2019-06-28T12:54:48.335000Z
1119,1.1380299999999999,1.13805,1120000.0048,1690000.0572,2019-06-28T12:54:48.437000Z
1120,1.1380100000000002,1.13805,8039999.9619,1759999.9905,2019-06-28T12:54:48.590000Z
1121,1.13802,1.13805,1870000.0048,4039999.9619,2019-06-28T12:54:48.793000Z
1122,1.1380100000000002,1.13805,10159999.8474,2509999.9905,2019-06-28T12:54:48.895000Z
1123,1.1380299999999999,1.13805,1000000.0,1750000.0,2019-06-28T12:54:49.250000Z
1124,1.13805,1.13806,1000000.0,2319999.9332,2019-06-28T12:54:49.302000Z
1125,1.13805,1.13808,4050000.1907,1950000.0477,2019-06-28T12:54:49.403000Z
1126,1.13805,1.13808,1500000.0,1600000.0238,2019-06-28T12:54:49.505000Z
1127,1.13806,1.13808,1500000.0,1500000.0,2019-06-28T12:54:50.111000Z
1128,1.1380700000000001,1.1381000000000001,1000000.0,4949999.8093,2019-06-28T12:54:50.264000Z
1129,1.13808,1.1381000000000001,1000000.0,2250000.0,2019-06-28T12:54:50.418000Z
1130,1.1380700000000001,1.1381000000000001,1500000.0,2250000.0,2019-06-28T12:54:50.470000Z
1131,1.1380700000000001,1.1381000000000001,2250000.0,5539999.9619,2019-06-28T12:54:50.724000Z
1132,1.1380700000000001,1.1381000000000001,1000000.0,4309999.9428,2019-06-28T12:54:50.826000Z
1133,1.13806,1.1381000000000001,7539999.9619,3069999.9332,2019-06-28T12:54:51.542000Z
1134,1.13809,1.1381100000000002,1500000.0,1389999.9857,2019-06-28T12:54:52.800000Z
1135,1.1381000000000001,1.1381100000000002,1000000.0,1250000.0,2019-06-28T12:54:52.903000Z
1136,1.13809,1.1381100000000002,1500000.0,1250000.0,2019-06-28T12:54:53.011000Z
1137,1.1381000000000001,1.13813,1000000.0,2200000.0477,2019-06-28T12:54:53.114000Z
1138,1.13809,1.13812,5760000.2289,1750000.0,2019-06-28T12:54:53.216000Z
1139,1.13809,1.13812,2440000.0572,1940000.0572,2019-06-28T12:54:53.318000Z
1140,1.13809,1.1381100000000002,1500000.0,7000000.0,2019-06-28T12:54:54.044000Z
1141,1.1380700000000001,1.1381000000000001,1200000.0477,2440000.0572,2019-06-28T12:54:54.095000Z
1142,1.1381100000000002,1.13812,2250000.0,3000000.0,2019-06-28T12:54:54.198000Z
1143,1.13814,1.13816,2690000.0572,9369999.8856,2019-06-28T12:54:54.301000Z
1144,1.13813,1.13815,1250000.0,1250000.0,2019-06-28T12:54:54.415000Z
1145,1.13813,1.13816,1120000.0048,3259999.9905,2019-06-28T12:54:54.518000Z
1146,1.13813,1.13816,3619999.8856,3750000.0,2019-06-28T12:54:54.620000Z
1147,1.13813,1.13815,1450000.0477,1000000.0,2019-06-28T12:54:54.723000Z
1148,1.13814,1.13816,1250000.0,3000000.0,2019-06-28T12:54:55.226000Z
1149,1.13813,1.1381700000000001,4070000.1717,3000000.0,2019-06-28T12:54:55.825000Z
1150,1.13815,1.13818,3190000.0572,2890000.1049,2019-06-28T12:54:56.276000Z
1151,1.13816,1.13819,1250000.0,3750000.0,2019-06-28T12:54:56.390000Z
1152,1.1381700000000001,1.13819,1000000.0,3069999.9332,2019-06-28T12:54:56.542000Z
1153,1.13816,1.1382,2059999.9428,4010000.2289,2019-06-28T12:54:56.644000Z
1154,1.13816,1.13819,1309999.9428,1000000.0,2019-06-28T12:54:56.849000Z
1155,1.13816,1.13818,1000000.0,1500000.0,2019-06-28T12:54:56.990000Z
1156,1.13815,1.13818,3190000.0572,4510000.2289,2019-06-28T12:54:57.092000Z
1157,1.13815,1.13818,2440000.0572,4389999.8665,2019-06-28T12:54:57.235000Z
1158,1.13815,1.1381700000000001,1000000.0,1000000.0,2019-06-28T12:54:57.336000Z
1159,1.13814,1.1381700000000001,1309999.9428,1500000.0,2019-06-28T12:54:57.438000Z
1160,1.13815,1.13818,1000000.0,11140000.3433,2019-06-28T12:54:57.651000Z
1161,1.13815,1.1381700000000001,1000000.0,1000000.0,2019-06-28T12:54:57.855000Z
1162,1.13815,1.13818,8060000.4196,1100000.0238,2019-06-28T12:54:57.958000Z
1163,1.13816,1.13819,1250000.0,5889999.8665,2019-06-28T12:54:58.009000Z
1164,1.13816,1.13819,9069999.6948,1000000.0,2019-06-28T12:54:58.113000Z
1165,1.13816,1.13818,1690000.0572,1000000.0,2019-06-28T12:54:58.260000Z
1166,1.13816,1.13819,1690000.0572,4500000.0,2019-06-28T12:54:58.464000Z
1167,1.13816,1.13819,1250000.0,5719999.7902,2019-06-28T12:54:58.607000Z
1168,1.13816,1.13819,1009999.9905,3450000.0477,2019-06-28T12:54:58.851000Z
1169,1.13819,1.1382,1000000.0,7389999.8665,2019-06-28T12:54:58.953000Z
1170,1.13819,1.13823,3940000.0572,3559999.9428,2019-06-28T12:54:59.056000Z
1171,1.13819,1.1382200000000002,2440000.0572,1870000.0048,2019-06-28T12:54:59.158000Z
1172,1.13818,1.1382200000000002,1500000.0,9859999.6567,2019-06-28T12:54:59.260000Z
1173,1.13818,1.1382,2250000.0,2250000.0,2019-06-28T12:54:59.355000Z
1174,1.1381700000000001,1.1382,1000000.0,5389999.8665,2019-06-28T12:54:59.457000Z
1175,1.13816,1.13819,1250000.0,3450000.0477,2019-06-28T12:54:59.559000Z
1176,1.13815,1.13819,1250000.0,7159999.8474,2019-06-28T12:54:59.661000Z
1177,1.13815,1.13819,2440000.0572,11130000.1144,2019-06-28T12:54:59.763000Z
1178,1.13815,1.13818,1000000.0,7389999.8665,2019-06-28T12:54:59.866000Z
1179,1.13815,1.13818,6250000.0,1200000.0477,2019-06-28T12:55:00.123000Z
1180,1.13816,1.13819,3190000.0572,1200000.0477,2019-06-28T12:55:00.225000Z
1181,1.13815,1.13819,4750000.0,1500000.0,2019-06-28T12:55:01.077000Z
1182,1.13812,1.13815,3190000.0572,2700000.0477,2019-06-28T12:55:01.180000Z
1183,1.13812,1.13815,1120000.0048,4389999.8665,2019-06-28T12:55:01.282000Z
1184,1.13813,1.13816,1000000.0,4570000.1717,2019-06-28T12:55:02.078000Z
1185,1.13815,1.13818,2809999.9428,2099999.9046,2019-06-28T12:55:02.180000Z
1186,1.13815,1.13819,10689999.5804,4349999.9046,2019-06-28T12:55:02.282000Z
1187,1.1381700000000001,1.13819,1000000.0,1720000.0286,2019-06-28T12:55:02.384000Z
1188,1.13815,1.1381700000000001,4119999.8856,1000000.0,2019-06-28T12:55:02.486000Z
1189,1.13815,1.13818,1000000.0,2700000.0477,2019-06-28T12:55:02.588000Z
1190,1.13814,1.1381700000000001,1250000.0,1690000.0572,2019-06-28T12:55:02.740000Z
1191,1.13814,1.1381700000000001,1250000.0,3970000.0286,2019-06-28T12:55:02.842000Z
1192,1.13813,1.13816,1870000.0048,1009999.9905,2019-06-28T12:55:03.147000Z
1193,1.13813,1.1381700000000001,1250000.0,6469999.7902,2019-06-28T12:55:03.350000Z
1194,1.13813,1.1381700000000001,1250000.0,5949999.8093,2019-06-28T12:55:04.017000Z
1195,1.13815,1.13816,2440000.0572,1000000.0,2019-06-28T12:55:04.068000Z
1196,1.1381700000000001,1.13819,1000000.0,6820000.1717,2019-06-28T12:55:04.170000Z
1197,1.1381700000000001,1.13819,1120000.0048,3000000.0,2019-06-28T12:55:04.272000Z
1198,1.13816,1.13819,1750000.0,4320000.1717,2019-06-28T12:55:04.374000Z
1199,1.1381700000000001,1.13819,1500000.0,3450000.0477,2019-06-28T12:55:04.866000Z
1200,1.1381700000000001,1.13818,1000000.0,1000000.0,2019-06-28T12:55:05.018000Z
1201,1.13816,1.13819,3940000.0572,2700000.0477,2019-06-28T12:55:05.120000Z
1202,1.13815,1.1381700000000001,1000000.0,1000000.0,2019-06-28T12:55:05.243000Z
1203,1.13814,1.1381700000000001,1000000.0,5889999.8665,2019-06-28T12:55:05.345000Z
1204,1.13814,1.13816,1000000.0,1250000.0,2019-06-28T12:55:05.447000Z
1205,1.13814,1.1381700000000001,1000000.0,5889999.8665,2019-06-28T12:55:05.549000Z
1206,1.13813,1.1381700000000001,2440000.0572,3640000.1049,2019-06-28T12:55:06.078000Z
1207,1.13814,1.13816,1000000.0,1000000.0,2019-06-28T12:55:06.282000Z
1208,1.13812,1.13815,2500000.0,1389999.9857,2019-06-28T12:55:06.385000Z
1209,1.1381100000000002,1.13814,5869999.8856,1200000.0477,2019-06-28T12:55:06.499000Z
1210,1.1381000000000001,1.13813,3440000.0572,1000000.0,2019-06-28T12:55:06.601000Z
1211,1.1381100000000002,1.13814,1690000.0572,4199999.8093,2019-06-28T12:55:06.806000Z
1212,1.1381100000000002,1.13814,1250000.0,4199999.8093,2019-06-28T12:55:06.908000Z
1213,1.1381000000000001,1.13813,4940000.0572,1000000.0,2019-06-28T12:55:07.228000Z
1214,1.1381000000000001,1.13813,1750000.0,1950000.0477,2019-06-28T12:55:07.331000Z
1215,1.1381000000000001,1.13813,1500000.0,2140000.1049,2019-06-28T12:55:07.625000Z
1216,1.13809,1.13812,3190000.0572,1200000.0477,2019-06-28T12:55:07.729000Z
1217,1.1381000000000001,1.13812,1000000.0,1200000.0477,2019-06-28T12:55:07.883000Z
1218,1.13809,1.13812,3190000.0572,1200000.0477,2019-06-28T12:55:07.984000Z
1219,1.1381000000000001,1.13812,1000000.0,1200000.0477,2019-06-28T12:55:08.159000Z
1220,1.13809,1.13812,3190000.0572,1570000.0525,2019-06-28T12:55:08.261000Z
1221,1.13808,1.1381100000000002,1870000.0048,4199999.8093,2019-06-28T12:55:08.363000Z
1222,1.1380700000000001,1.1381000000000001,2440000.0572,1600000.0238,2019-06-28T12:55:08.465000Z
1223,1.13808,1.1381000000000001,1000000.0,3599999.9046,2019-06-28T12:55:08.983000Z
1224,1.1380700000000001,1.1381000000000001,1690000.0572,2849999.9046,2019-06-28T12:55:09.186000Z
1225,1.13808,1.13809,1000000.0,1200000.0477,2019-06-28T12:55:09.388000Z
1226,1.13806,1.13808,1690000.0572,1200000.0477,2019-06-28T12:55:09.610000Z
1227,1.13805,1.13808,3369999.8856,1389999.9857,2019-06-28T12:55:09.712000Z
1228,1.1380700000000001,1.13809,1000000.0,3069999.9332,2019-06-28T12:55:10.520000Z
1229,1.13808,1.13809,1000000.0,1870000.0048,2019-06-28T12:55:10.623000Z
1230,1.13808,1.1381000000000001,1000000.0,5139999.8665,2019-06-28T12:55:10.725000Z
1231,1.13808,1.13809,1000000.0,1200000.0477,2019-06-28T12:55:11.421000Z
1232,1.13808,1.1381000000000001,1000000.0,3069999.9332,2019-06-28T12:55:11.754000Z
1233,1.13809,1.1381100000000002,1000000.0,5659999.8474,2019-06-28T12:55:11.869000Z
1234,1.13809,1.1381100000000002,1000000.0,5139999.8665,2019-06-28T12:55:12.529000Z
1235,1.13809,1.1381100000000002,1000000.0,5289999.9619,2019-06-28T12:55:12.935000Z
1236,1.13808,1.1381100000000002,1000000.0,5289999.9619,2019-06-28T12:55:13.037000Z
1237,1.1381000000000001,1.1381100000000002,2440000.0572,1200000.0477,2019-06-28T12:55:13.139000Z
1238,1.13809,1.13812,1500000.0,6039999.9619,2019-06-28T12:55:13.241000Z
1239,1.1380700000000001,1.1381000000000001,2059999.9428,1200000.0477,2019-06-28T12:55:13.346000Z
1240,1.13808,1.1381000000000001,1500000.0,1950000.0477,2019-06-28T12:55:13.448000Z
1241,1.1380700000000001,1.1381000000000001,2059999.9428,1950000.0477,2019-06-28T12:55:13.549000Z
1242,1.13808,1.1381000000000001,1000000.0,4199999.8093,2019-06-28T12:55:13.652000Z
1243,1.13809,1.1381000000000001,1000000.0,3450000.0477,2019-06-28T12:55:13.804000Z
1244,1.13808,1.1381000000000001,2250000.0,1950000.0477,2019-06-28T12:55:13.906000Z
1245,1.13806,1.13809,1750000.0,1000000.0,2019-06-28T12:55:14.337000Z
1246,1.13806,1.13808,1000000.0,1120000.0048,2019-06-28T12:55:14.439000Z
1247,1.1380700000000001,1.13808,1250000.0,1389999.9857,2019-06-28T12:55:14.541000Z
1248,1.1380700000000001,1.13809,1250000.0,7239999.7711,2019-06-28T12:55:14.592000Z
1249,1.13806,1.13809,1250000.0,1700000.0477,2019-06-28T12:55:14.719000Z
1250,1.13806,1.13809,2440000.0572,1570000.0525,2019-06-28T12:55:14.821000Z
1251,1.1380700000000001,1.13809,1500000.0,1200000.0477,2019-06-28T12:55:14.923000Z
1252,1.13808,1.13809,1000000.0,1200000.0477,2019-06-28T12:55:15.077000Z
1253,1.13809,1.1381100000000002,2440000.0572,4199999.8093,2019-06-28T12:55:15.381000Z
1254,1.1381100000000002,1.13813,1000000.0,6199999.8093,2019-06-28T12:55:15.483000Z
1255,1.1381100000000002,1.13813,1000000.0,3369999.8856,2019-06-28T12:55:15.585000Z
1256,1.1381000000000001,1.13813,1250000.0,3750000.0,2019-06-28T12:55:16.053000Z
1257,1.1381000000000001,1.13812,1690000.0572,1120000.0048,2019-06-28T12:55:16.155000Z
1258,1.1381000000000001,1.1381100000000002,1500000.0,1000000.0,2019-06-28T12:55:16.298000Z
1259,1.13808,1.1381100000000002,1870000.0048,1000000.0,2019-06-28T12:55:16.400000Z
1260,1.13808,1.1381100000000002,2569999.9332,1500000.0,2019-06-28T12:55:16.501000Z
1261,1.13808,1.13812,1820000.0525,7800000.1907,2019-06-28T12:55:16.665000Z
1262,1.13808,1.1381100000000002,1820000.0525,1000000.0,2019-06-28T12:55:16.919000Z
1263,1.1381000000000001,1.1381100000000002,1250000.0,1000000.0,2019-06-28T12:55:19.167000Z
1264,1.1381000000000001,1.13812,1250000.0,4690000.0572,2019-06-28T12:55:19.289000Z
1265,1.1381000000000001,1.1381100000000002,1250000.0,1000000.0,2019-06-28T12:55:19.548000Z
1266,1.13809,1.13812,1250000.0,6940000.0572,2019-06-28T12:55:20.120000Z
1267,1.13809,1.1381100000000002,1250000.0,1000000.0,2019-06-28T12:55:20.323000Z
1268,1.1380700000000001,1.13809,2690000.0572,1000000.0,2019-06-28T12:55:20.425000Z
1269,1.13804,1.1380700000000001,2140000.1049,1500000.0,2019-06-28T12:55:20.530000Z
1270,1.13805,1.13808,1799999.9523,4789999.9619,2019-06-28T12:55:20.632000Z
1271,1.13805,1.13808,1049999.9523,4760000.2289,2019-06-28T12:55:20.734000Z
1272,1.13804,1.13808,2440000.0572,6289999.9619,2019-06-28T12:55:20.835000Z
1273,1.13804,1.13808,2440000.0572,6260000.2289,2019-06-28T12:55:20.937000Z
1274,1.13804,1.1380700000000001,3190000.0572,1970000.0286,2019-06-28T12:55:20.988000Z
1275,1.13802,1.13806,3640000.1049,3559999.9428,2019-06-28T12:55:21.574000Z
1276,1.13802,1.13805,1690000.0572,1500000.0,2019-06-28T12:55:22.257000Z
1277,1.1380299999999999,1.13806,1000000.0,5010000.2289,2019-06-28T12:55:22.688000Z
1278,1.13806,1.1380700000000001,1000000.0,5510000.2289,2019-06-28T12:55:22.740000Z
1279,1.13805,1.13808,11000000.0,3000000.0,2019-06-28T12:55:22.791000Z
1280,1.13808,1.1381000000000001,1000000.0,6070000.1717,2019-06-28T12:55:22.842000Z
1281,1.1380700000000001,1.13809,1250000.0,1100000.0238,2019-06-28T12:55:22.893000Z
