,bid,ask,bid_vol,ask_vol,time
0,1.16604,1.1660700000000002,1000000.0,4869999.8856,2018-06-29T12:45:00.795000Z
1,1.16603,1.1660700000000002,2619999.8856,4869999.8856,2018-06-29T12:45:01.299000Z
2,1.16603,1.1660700000000002,5250000.0,6559999.9428,2018-06-29T12:45:02.785000Z
3,1.16603,1.1660700000000002,3369999.8856,6369999.8856,2018-06-29T12:45:03.325000Z
4,1.16602,1.16605,4199999.8093,4119999.8856,2018-06-29T12:45:04.365000Z
5,1.16601,1.16605,3450000.0477,8319999.6948,2018-06-29T12:45:04.882000Z
6,1.16601,1.16605,2569999.9332,3819999.9332,2018-06-29T12:45:05.432000Z
7,1.1660000000000001,1.16604,3069999.9332,1200000.0477,2018-06-29T12:45:06.168000Z
8,1.16603,1.16605,1000000.0,1100000.0238,2018-06-29T12:45:06.526000Z
9,1.16603,1.16608,1500000.0,4199999.8093,2018-06-29T12:45:06.680000Z
10,1.16602,1.16606,10390000.3433,1500000.0,2018-06-29T12:45:07.377000Z
11,1.16602,1.16603,1000000.0,1500000.0,2018-06-29T12:45:07.587000Z
12,1.16599,1.16603,7949999.8093,1500000.0,2018-06-29T12:45:07.857000Z
13,1.16602,1.16605,1000000.0,1100000.0238,2018-06-29T12:45:08.168000Z
14,1.16603,1.1660700000000002,2700000.0477,8039999.9619,2018-06-29T12:45:08.221000Z
15,1.16602,1.16605,6070000.1717,1000000.0,2018-06-29T12:45:08.413000Z
16,1.16604,1.1660700000000002,2250000.0,1000000.0,2018-06-29T12:45:08.727000Z
17,1.16604,1.1660700000000002,1870000.0048,1000000.0,2018-06-29T12:45:09.251000Z
18,1.16605,1.1660700000000002,1000000.0,1000000.0,2018-06-29T12:45:09.829000Z
19,1.16604,1.1660700000000002,2250000.0,1000000.0,2018-06-29T12:45:10.406000Z
20,1.16605,1.16608,1500000.0,4570000.1717,2018-06-29T12:45:10.910000Z
21,1.16608,1.1661000000000001,4500000.0,3069999.9332,2018-06-29T12:45:11.273000Z
22,1.16609,1.16612,3000000.0,3000000.0,2018-06-29T12:45:11.862000Z
23,1.16606,1.1661100000000002,4690000.0572,4199999.8093,2018-06-29T12:45:12.394000Z
24,1.16609,1.16612,2250000.0,3000000.0,2018-06-29T12:45:12.553000Z
25,1.1661100000000002,1.1661299999999999,3190000.0572,1100000.0238,2018-06-29T12:45:12.940000Z
26,1.1661299999999999,1.16615,1250000.0,1500000.0,2018-06-29T12:45:12.999000Z
27,1.16612,1.16614,3000000.0,1000000.0,2018-06-29T12:45:13.611000Z
28,1.16614,1.16616,1500000.0,1200000.0477,2018-06-29T12:45:14.124000Z
29,1.1661299999999999,1.1661700000000002,2890000.1049,1500000.0,2018-06-29T12:45:14.970000Z
30,1.1661299999999999,1.16615,3450000.0477,2250000.0,2018-06-29T12:45:15.126000Z
31,1.1660700000000002,1.16612,1950000.0477,6219999.7902,2018-06-29T12:45:15.283000Z
32,1.16606,1.1661100000000002,6070000.1717,1500000.0,2018-06-29T12:45:15.342000Z
33,1.16606,1.16609,5699999.8093,1870000.0048,2018-06-29T12:45:15.453000Z
34,1.16603,1.1660700000000002,3380000.1144,1120000.0048,2018-06-29T12:45:15.679000Z
35,1.16603,1.1660700000000002,10569999.6948,1500000.0,2018-06-29T12:45:16.287000Z
36,1.16602,1.16604,1100000.0238,1500000.0,2018-06-29T12:45:18.908000Z
37,1.1660000000000001,1.16603,3940000.0572,1000000.0,2018-06-29T12:45:19.025000Z
38,1.16601,1.16603,1000000.0,2250000.0,2018-06-29T12:45:19.542000Z
39,1.16599,1.16603,7760000.2289,2250000.0,2018-06-29T12:45:20.090000Z
40,1.1660000000000001,1.16603,3750000.0,2250000.0,2018-06-29T12:45:20.809000Z
41,1.16603,1.16606,1000000.0,9750000.0,2018-06-29T12:45:21.409000Z
42,1.16603,1.1660700000000002,5809999.9428,3750000.0,2018-06-29T12:45:21.565000Z
43,1.16603,1.16604,1200000.0477,1000000.0,2018-06-29T12:45:22.095000Z
44,1.1660000000000001,1.16603,1370000.0048,1500000.0,2018-06-29T12:45:22.150000Z
45,1.16599,1.16603,1870000.0048,2250000.0,2018-06-29T12:45:22.203000Z
46,1.1660000000000001,1.16603,3750000.0,3000000.0,2018-06-29T12:45:22.566000Z
47,1.1660000000000001,1.16603,2250000.0,3000000.0,2018-06-29T12:45:23.101000Z
48,1.16598,1.1660000000000001,1100000.0238,1500000.0,2018-06-29T12:45:23.776000Z
49,1.16596,1.16598,1870000.0048,1500000.0,2018-06-29T12:45:23.881000Z
50,1.1659700000000002,1.1660000000000001,1500000.0,2700000.0477,2018-06-29T12:45:23.986000Z
51,1.16596,1.16599,2250000.0,3000000.0,2018-06-29T12:45:24.307000Z
52,1.16594,1.16599,1950000.0477,3000000.0,2018-06-29T12:45:24.517000Z
53,1.16595,1.16598,1500000.0,1870000.0048,2018-06-29T12:45:25.229000Z
54,1.16594,1.16598,1120000.0048,2059999.9428,2018-06-29T12:45:26.061000Z
55,1.16593,1.16598,7269999.9809,4489999.7711,2018-06-29T12:45:26.577000Z
56,1.16594,1.16598,1000000.0,3369999.8856,2018-06-29T12:45:27.096000Z
57,1.16593,1.16595,2700000.0477,1000000.0,2018-06-29T12:45:27.477000Z
58,1.16591,1.16593,1000000.0,1000000.0,2018-06-29T12:45:27.658000Z
59,1.1659000000000002,1.16593,2619999.8856,1000000.0,2018-06-29T12:45:28.176000Z
60,1.16589,1.16594,1470000.0286,3000000.0,2018-06-29T12:45:28.932000Z
61,1.16592,1.16595,1500000.0,1000000.0,2018-06-29T12:45:29.169000Z
62,1.16589,1.16595,9069999.6948,4119999.8856,2018-06-29T12:45:29.453000Z
63,1.16588,1.16594,9670000.0763,4389999.8665,2018-06-29T12:45:29.974000Z
64,1.16589,1.16593,1120000.0048,1250000.0,2018-06-29T12:45:30.577000Z
65,1.16591,1.16595,4500000.0,5699999.8093,2018-06-29T12:45:30.732000Z
66,1.16593,1.1659700000000002,2619999.8856,1000000.0,2018-06-29T12:45:31.039000Z
67,1.16592,1.16595,2319999.9332,9000000.0,2018-06-29T12:45:31.244000Z
68,1.16591,1.16594,3750000.0,1570000.0525,2018-06-29T12:45:31.297000Z
69,1.16593,1.16595,1500000.0,3000000.0,2018-06-29T12:45:31.608000Z
70,1.16594,1.1659700000000002,1000000.0,1500000.0,2018-06-29T12:45:32.090000Z
71,1.16593,1.16598,2319999.9332,3000000.0,2018-06-29T12:45:32.669000Z
72,1.16594,1.16598,1000000.0,5250000.0,2018-06-29T12:45:33.243000Z
73,1.16595,1.16598,1000000.0,3750000.0,2018-06-29T12:45:33.780000Z
74,1.16594,1.1659700000000002,7199999.8093,1120000.0048,2018-06-29T12:45:34.321000Z
75,1.16596,1.16599,5280000.2098,1120000.0048,2018-06-29T12:45:35.165000Z
76,1.16598,1.1660000000000001,1759999.9905,1500000.0,2018-06-29T12:45:35.217000Z
77,1.16599,1.16602,1000000.0,1000000.0,2018-06-29T12:45:35.269000Z
78,1.16598,1.16599,1950000.0477,1309999.9428,2018-06-29T12:45:35.478000Z
79,1.16595,1.16599,1389999.9857,4309999.9428,2018-06-29T12:45:35.605000Z
80,1.16591,1.16595,4199999.8093,2250000.0,2018-06-29T12:45:35.660000Z
81,1.16591,1.16594,1000000.0,2250000.0,2018-06-29T12:45:36.177000Z
82,1.1659000000000002,1.16594,4570000.1717,2250000.0,2018-06-29T12:45:36.695000Z
83,1.16591,1.16594,1000000.0,2250000.0,2018-06-29T12:45:37.380000Z
84,1.1659000000000002,1.16594,4949999.8093,2250000.0,2018-06-29T12:45:37.943000Z
85,1.16591,1.16594,1000000.0,2250000.0,2018-06-29T12:45:38.608000Z
86,1.1659000000000002,1.16594,1100000.0238,4869999.8856,2018-06-29T12:45:39.119000Z
87,1.16589,1.16594,1570000.0525,5619999.8856,2018-06-29T12:45:39.623000Z
88,1.16594,1.1659700000000002,3819999.9332,1000000.0,2018-06-29T12:45:39.936000Z
89,1.16592,1.16595,4010000.2289,3000000.0,2018-06-29T12:45:40.177000Z
90,1.16589,1.16594,4199999.8093,4309999.9428,2018-06-29T12:45:40.720000Z
91,1.1659000000000002,1.16594,1100000.0238,6190000.0572,2018-06-29T12:45:41.245000Z
92,1.16589,1.16593,2700000.0477,1250000.0,2018-06-29T12:45:41.906000Z
93,1.16589,1.16594,3069999.9332,5250000.0,2018-06-29T12:45:42.414000Z
94,1.16588,1.16594,4269999.9809,5320000.1717,2018-06-29T12:45:42.926000Z
95,1.16589,1.16593,1000000.0,1000000.0,2018-06-29T12:45:43.542000Z
96,1.16592,1.16595,3000000.0,1100000.0238,2018-06-29T12:45:43.750000Z
97,1.16593,1.1659700000000002,8930000.3052,2250000.0,2018-06-29T12:45:43.959000Z
98,1.16593,1.16595,2329999.9237,2250000.0,2018-06-29T12:45:44.325000Z
99,1.1659000000000002,1.16594,3450000.0477,2619999.8856,2018-06-29T12:45:44.387000Z
100,1.16591,1.16595,3450000.0477,5250000.0,2018-06-29T12:45:44.935000Z
101,1.16593,1.16596,7500000.0,1000000.0,2018-06-29T12:45:45.598000Z
102,1.16593,1.1659700000000002,7570000.1717,1500000.0,2018-06-29T12:45:46.209000Z
103,1.16593,1.16598,6260000.2289,3000000.0,2018-06-29T12:45:46.755000Z
104,1.16594,1.16598,1100000.0238,6000000.0,2018-06-29T12:45:47.260000Z
105,1.16592,1.16595,7199999.8093,2619999.8856,2018-06-29T12:45:47.694000Z
106,1.16591,1.16594,3819999.9332,2250000.0,2018-06-29T12:45:47.853000Z
107,1.1659000000000002,1.16594,3819999.9332,2319999.9332,2018-06-29T12:45:48.398000Z
108,1.1659000000000002,1.16593,1000000.0,1000000.0,2018-06-29T12:45:48.911000Z
109,1.16589,1.16593,6340000.1526,1500000.0,2018-06-29T12:45:50.587000Z
110,1.1659000000000002,1.16593,1000000.0,1500000.0,2018-06-29T12:45:55.784000Z
111,1.16594,1.16595,1250000.0,1500000.0,2018-06-29T12:45:56.201000Z
112,1.16593,1.1659700000000002,7199999.8093,3369999.8856,2018-06-29T12:45:56.253000Z
113,1.16593,1.1659700000000002,6449999.8093,3000000.0,2018-06-29T12:45:56.793000Z
114,1.16593,1.16596,2619999.8856,1000000.0,2018-06-29T12:45:57.419000Z
115,1.1659000000000002,1.16593,1370000.0048,1500000.0,2018-06-29T12:45:57.530000Z
116,1.16589,1.16593,3069999.9332,1500000.0,2018-06-29T12:45:57.584000Z
117,1.16592,1.16594,1000000.0,1200000.0477,2018-06-29T12:45:57.796000Z
118,1.16594,1.16598,1570000.0525,7389999.8665,2018-06-29T12:45:57.953000Z
119,1.16593,1.16598,11319999.6948,1500000.0,2018-06-29T12:45:58.485000Z
120,1.1659700000000002,1.16599,2440000.0572,1500000.0,2018-06-29T12:45:58.540000Z
121,1.16599,1.16602,1120000.0048,2319999.9332,2018-06-29T12:45:58.646000Z
122,1.16601,1.16604,1000000.0,3069999.9332,2018-06-29T12:45:58.753000Z
123,1.16598,1.16601,6820000.1717,2619999.8856,2018-06-29T12:45:59.135000Z
124,1.16594,1.16598,7570000.1717,2250000.0,2018-06-29T12:45:59.401000Z
125,1.16594,1.1659700000000002,1950000.0477,1000000.0,2018-06-29T12:45:59.944000Z
126,1.16595,1.1659700000000002,1000000.0,1000000.0,2018-06-29T12:46:00.483000Z
127,1.16594,1.16598,3069999.9332,1570000.0525,2018-06-29T12:46:01.004000Z
128,1.16595,1.16598,1000000.0,2319999.9332,2018-06-29T12:46:01.518000Z
129,1.16594,1.16598,1570000.0525,1570000.0525,2018-06-29T12:46:02.120000Z
130,1.16596,1.16599,1000000.0,1500000.0,2018-06-29T12:46:02.303000Z
131,1.16598,1.16603,8060000.4196,3450000.0477,2018-06-29T12:46:02.565000Z
132,1.16601,1.16603,1000000.0,1100000.0238,2018-06-29T12:46:02.800000Z
133,1.1660000000000001,1.16603,2250000.0,1009999.9905,2018-06-29T12:46:03.333000Z
134,1.16601,1.16603,1000000.0,1100000.0238,2018-06-29T12:46:04.668000Z
135,1.16599,1.16604,4010000.2289,2319999.9332,2018-06-29T12:46:05.258000Z
136,1.16602,1.16604,1000000.0,3819999.9332,2018-06-29T12:46:05.678000Z
137,1.1660000000000001,1.16604,6070000.1717,1570000.0525,2018-06-29T12:46:05.993000Z
138,1.16604,1.16605,1000000.0,1200000.0477,2018-06-29T12:46:06.046000Z
139,1.16604,1.1660700000000002,1000000.0,6369999.8856,2018-06-29T12:46:06.150000Z
140,1.16604,1.1660700000000002,1000000.0,6260000.2289,2018-06-29T12:46:06.673000Z
141,1.16603,1.1660700000000002,3559999.9428,4010000.2289,2018-06-29T12:46:07.204000Z
142,1.16604,1.1660700000000002,4690000.0572,4760000.2289,2018-06-29T12:46:07.930000Z
143,1.16602,1.16604,6940000.0572,2440000.0572,2018-06-29T12:46:12.256000Z
144,1.1660000000000001,1.16604,6190000.0572,7130000.1144,2018-06-29T12:46:12.360000Z
145,1.1660000000000001,1.16603,3750000.0,6489999.7711,2018-06-29T12:46:13.010000Z
146,1.16603,1.16605,1000000.0,1200000.0477,2018-06-29T12:46:13.358000Z
147,1.16603,1.1660700000000002,2619999.8856,4570000.1717,2018-06-29T12:46:13.927000Z
148,1.16604,1.16606,4690000.0572,1000000.0,2018-06-29T12:46:14.322000Z
149,1.16604,1.16606,3750000.0,1000000.0,2018-06-29T12:46:14.866000Z
150,1.16603,1.1660700000000002,3819999.9332,3069999.9332,2018-06-29T12:46:15.572000Z
151,1.16604,1.16606,1000000.0,1000000.0,2018-06-29T12:46:16.132000Z
152,1.16603,1.16606,6190000.0572,1309999.9428,2018-06-29T12:46:16.668000Z
153,1.16604,1.16606,1120000.0048,1120000.0048,2018-06-29T12:46:17.244000Z
154,1.16601,1.16604,7760000.2289,1000000.0,2018-06-29T12:46:20.361000Z
155,1.16601,1.16604,3750000.0,3490000.0095,2018-06-29T12:46:20.866000Z
156,1.16599,1.16602,1250000.0,10430000.3052,2018-06-29T12:46:21.079000Z
157,1.16598,1.16601,4500000.0,1870000.0048,2018-06-29T12:46:22.203000Z
158,1.16599,1.16601,1500000.0,2250000.0,2018-06-29T12:46:23Z
159,1.1659700000000002,1.1660000000000001,1120000.0048,3000000.0,2018-06-29T12:46:23.276000Z
160,1.1659700000000002,1.16599,1500000.0,1120000.0048,2018-06-29T12:46:23.777000Z
161,1.16599,1.16601,1000000.0,1200000.0477,2018-06-29T12:46:23.885000Z
162,1.1660000000000001,1.16603,5250000.0,1000000.0,2018-06-29T12:46:24.147000Z
163,1.16601,1.16603,2250000.0,1000000.0,2018-06-29T12:46:24.876000Z
164,1.16601,1.16604,3750000.0,1870000.0048,2018-06-29T12:46:25.423000Z
165,1.16599,1.16602,3640000.1049,2440000.0572,2018-06-29T12:46:26.497000Z
166,1.16595,1.1659700000000002,4500000.0,1350000.0238,2018-06-29T12:46:26.819000Z
167,1.16594,1.16598,7199999.8093,2549999.9523,2018-06-29T12:46:29.019000Z
168,1.16594,1.16598,7199999.8093,1950000.0477,2018-06-29T12:46:29.555000Z
169,1.16595,1.16598,1000000.0,1759999.9905,2018-06-29T12:46:30.072000Z
170,1.16591,1.16595,6190000.0572,7690000.0572,2018-06-29T12:46:30.387000Z
171,1.16589,1.16593,10079999.9237,1120000.0048,2018-06-29T12:46:30.597000Z
172,1.1659000000000002,1.16593,2440000.0572,1120000.0048,2018-06-29T12:46:33.287000Z
173,1.16589,1.16593,8060000.4196,1120000.0048,2018-06-29T12:46:34.452000Z
174,1.1659000000000002,1.16594,2440000.0572,6449999.8093,2018-06-29T12:46:35.002000Z
175,1.16589,1.16591,3640000.1049,2059999.9428,2018-06-29T12:46:35.502000Z
176,1.1658700000000002,1.1659000000000002,1000000.0,1950000.0477,2018-06-29T12:46:35.556000Z
177,1.16588,1.1659000000000002,2440000.0572,1000000.0,2018-06-29T12:46:36.060000Z
178,1.1658700000000002,1.1659000000000002,5809999.9428,1000000.0,2018-06-29T12:46:36.609000Z
179,1.16588,1.16591,3750000.0,2250000.0,2018-06-29T12:46:37.123000Z
180,1.1658700000000002,1.16591,5699999.8093,2250000.0,2018-06-29T12:46:38.165000Z
181,1.16589,1.16591,4119999.8856,1120000.0048,2018-06-29T12:46:38.220000Z
182,1.16589,1.16593,6559999.9428,1500000.0,2018-06-29T12:46:38.380000Z
183,1.1659000000000002,1.16591,1000000.0,1000000.0,2018-06-29T12:46:39.151000Z
184,1.16589,1.16591,6369999.8856,1000000.0,2018-06-29T12:46:39.805000Z
185,1.16588,1.16591,3559999.9428,1000000.0,2018-06-29T12:46:40.372000Z
186,1.1658600000000001,1.1659000000000002,13390000.3433,3559999.9428,2018-06-29T12:46:40.476000Z
187,1.1658700000000002,1.16589,3750000.0,1120000.0048,2018-06-29T12:46:41.054000Z
188,1.16588,1.16591,2619999.8856,3000000.0,2018-06-29T12:46:42.405000Z
189,1.1659000000000002,1.16592,1000000.0,2250000.0,2018-06-29T12:46:42.559000Z
190,1.16589,1.16591,3750000.0,1120000.0048,2018-06-29T12:46:43.190000Z
191,1.16589,1.16591,3750000.0,1500000.0,2018-06-29T12:46:44.017000Z
192,1.16588,1.16589,3750000.0,1000000.0,2018-06-29T12:46:44.732000Z
193,1.16588,1.16591,11810000.4196,2809999.9428,2018-06-29T12:46:44.940000Z
194,1.16589,1.16592,6070000.1717,1500000.0,2018-06-29T12:46:45.502000Z
195,1.1659000000000002,1.16592,2440000.0572,1000000.0,2018-06-29T12:46:46.039000Z
196,1.16591,1.16593,3750000.0,1000000.0,2018-06-29T12:46:47.864000Z
197,1.16591,1.16594,6750000.0,5699999.8093,2018-06-29T12:46:48.069000Z
198,1.16591,1.16594,4500000.0,2250000.0,2018-06-29T12:46:49.130000Z
199,1.16592,1.16594,2619999.8856,1000000.0,2018-06-29T12:46:49.639000Z
200,1.16593,1.16595,4000000.0,1950000.0477,2018-06-29T12:46:49.693000Z
201,1.16594,1.16596,1000000.0,2619999.8856,2018-06-29T12:46:50.222000Z
202,1.16595,1.16598,1000000.0,4199999.8093,2018-06-29T12:46:50.276000Z
203,1.16595,1.1659700000000002,3000000.0,1000000.0,2018-06-29T12:46:50.780000Z
204,1.16592,1.16594,2700000.0477,4869999.8856,2018-06-29T12:46:53.287000Z
205,1.1658600000000001,1.16588,1500000.0,1000000.0,2018-06-29T12:46:53.447000Z
206,1.16585,1.16589,3559999.9428,1250000.0,2018-06-29T12:46:53.972000Z
207,1.1658600000000001,1.16588,1000000.0,1000000.0,2018-06-29T12:46:54.480000Z
208,1.16583,1.1658700000000002,2140000.1049,1500000.0,2018-06-29T12:46:55.173000Z
209,1.16583,1.1658700000000002,5320000.1717,1100000.0238,2018-06-29T12:46:55.685000Z
210,1.16583,1.1658700000000002,5570000.1717,1000000.0,2018-06-29T12:46:56.664000Z
211,1.16583,1.16588,3450000.0477,4869999.8856,2018-06-29T12:46:57.278000Z
212,1.16584,1.16588,2319999.9332,5619999.8856,2018-06-29T12:46:57.787000Z
213,1.16584,1.16588,1570000.0525,5619999.8856,2018-06-29T12:46:58.354000Z
214,1.16584,1.16588,1500000.0,5619999.8856,2018-06-29T12:46:58.902000Z
215,1.16584,1.1658700000000002,1500000.0,1120000.0048,2018-06-29T12:46:59.644000Z
216,1.16584,1.1658700000000002,1120000.0048,2619999.8856,2018-06-29T12:47:00.373000Z
217,1.16583,1.16585,1570000.0525,1000000.0,2018-06-29T12:47:01.836000Z
218,1.16584,1.1658700000000002,1100000.0238,2619999.8856,2018-06-29T12:47:01.888000Z
219,1.16589,1.1659000000000002,1120000.0048,5250000.0,2018-06-29T12:47:03.089000Z
220,1.16589,1.16592,1120000.0048,1000000.0,2018-06-29T12:47:03.147000Z
221,1.16589,1.16591,1200000.0477,2250000.0,2018-06-29T12:47:03.717000Z
222,1.16588,1.16591,1950000.0477,2440000.0572,2018-06-29T12:47:04.274000Z
223,1.16588,1.16591,1000000.0,5250000.0,2018-06-29T12:47:05.149000Z
224,1.1658600000000001,1.16588,1070000.0525,1500000.0,2018-06-29T12:47:05.618000Z
225,1.16584,1.1658700000000002,3069999.9332,1120000.0048,2018-06-29T12:47:05.809000Z
226,1.16583,1.1658700000000002,3450000.0477,1000000.0,2018-06-29T12:47:06.969000Z
227,1.16583,1.1658700000000002,3450000.0477,1000000.0,2018-06-29T12:47:07.470000Z
228,1.16584,1.16588,1100000.0238,3369999.8856,2018-06-29T12:47:08.043000Z
229,1.1658600000000001,1.16588,4119999.8856,1000000.0,2018-06-29T12:47:10.558000Z
230,1.16588,1.16589,1500000.0,2250000.0,2018-06-29T12:47:10.662000Z
231,1.16589,1.16593,1100000.0238,2059999.9428,2018-06-29T12:47:10.716000Z
232,1.16589,1.16592,2700000.0477,1500000.0,2018-06-29T12:47:11.240000Z
233,1.16589,1.16592,1470000.0286,1500000.0,2018-06-29T12:47:11.766000Z
234,1.16589,1.16591,1120000.0048,2250000.0,2018-06-29T12:47:13.184000Z
235,1.16588,1.16592,2700000.0477,3369999.8856,2018-06-29T12:47:13.801000Z
236,1.1659000000000002,1.16592,1100000.0238,1000000.0,2018-06-29T12:47:15.902000Z
237,1.16591,1.16594,2319999.9332,2250000.0,2018-06-29T12:47:15.955000Z
238,1.16593,1.16595,1500000.0,1500000.0,2018-06-29T12:47:16.009000Z
239,1.1659700000000002,1.16599,1950000.0477,1120000.0048,2018-06-29T12:47:16.168000Z
240,1.16598,1.16602,3000000.0,8250000.0,2018-06-29T12:47:16.221000Z
241,1.16598,1.1660000000000001,1100000.0238,2440000.0572,2018-06-29T12:47:16.369000Z
242,1.16595,1.16599,3069999.9332,4500000.0,2018-06-29T12:47:16.422000Z
243,1.16594,1.16598,3450000.0477,1870000.0048,2018-06-29T12:47:17.056000Z
244,1.16598,1.1660000000000001,1000000.0,1500000.0,2018-06-29T12:47:17.264000Z
245,1.16598,1.16602,2700000.0477,3750000.0,2018-06-29T12:47:17.370000Z
246,1.16598,1.1660000000000001,1000000.0,2440000.0572,2018-06-29T12:47:17.525000Z
247,1.16594,1.1659700000000002,1100000.0238,1500000.0,2018-06-29T12:47:17.707000Z
248,1.16594,1.16595,1000000.0,2250000.0,2018-06-29T12:47:19.190000Z
249,1.16591,1.16594,1500000.0,1500000.0,2018-06-29T12:47:19.340000Z
250,1.1659000000000002,1.16594,2509999.9905,5440000.0572,2018-06-29T12:47:20.019000Z
251,1.16588,1.16591,5699999.8093,1000000.0,2018-06-29T12:47:20.149000Z
252,1.16585,1.16589,2319999.9332,3750000.0,2018-06-29T12:47:20.458000Z
253,1.16588,1.16589,1500000.0,1000000.0,2018-06-29T12:47:21.009000Z
254,1.16589,1.16592,4199999.8093,3000000.0,2018-06-29T12:47:21.116000Z
255,1.16589,1.16592,1870000.0048,1000000.0,2018-06-29T12:47:22.024000Z
256,1.16588,1.16592,2319999.9332,6449999.8093,2018-06-29T12:47:22.559000Z
257,1.1658600000000001,1.16591,8510000.2289,1120000.0048,2018-06-29T12:47:23.069000Z
258,1.1658700000000002,1.1659000000000002,2059999.9428,4500000.0,2018-06-29T12:47:23.666000Z
259,1.1658700000000002,1.16591,1309999.9428,7690000.0572,2018-06-29T12:47:24.216000Z
260,1.1658600000000001,1.1659000000000002,4010000.2289,3369999.8856,2018-06-29T12:47:24.760000Z
261,1.16585,1.16588,1120000.0048,1200000.0477,2018-06-29T12:47:25.076000Z
262,1.16588,1.16589,1120000.0048,1000000.0,2018-06-29T12:47:25.626000Z
263,1.16588,1.16591,8619999.8856,1000000.0,2018-06-29T12:47:25.680000Z
264,1.1658700000000002,1.16589,1570000.0525,1000000.0,2018-06-29T12:47:26.143000Z
265,1.16584,1.16588,2619999.8856,6599999.9046,2018-06-29T12:47:26.249000Z
266,1.16583,1.1658600000000001,4500000.0,2849999.9046,2018-06-29T12:47:26.739000Z
267,1.16584,1.16585,1000000.0,1000000.0,2018-06-29T12:47:27.251000Z
268,1.16583,1.1658600000000001,4119999.8856,1000000.0,2018-06-29T12:47:27.820000Z
269,1.16583,1.1658600000000001,9000000.0,1000000.0,2018-06-29T12:47:28.371000Z
270,1.16583,1.16585,1120000.0048,3940000.0572,2018-06-29T12:47:32.525000Z
271,1.16585,1.16588,1000000.0,7500000.0,2018-06-29T12:47:35.369000Z
272,1.16584,1.16588,2250000.0,3750000.0,2018-06-29T12:47:35.904000Z
273,1.16584,1.1658700000000002,2619999.8856,1000000.0,2018-06-29T12:47:38.242000Z
274,1.16584,1.16588,1120000.0048,4500000.0,2018-06-29T12:47:38.889000Z
275,1.16584,1.1658700000000002,2619999.8856,1000000.0,2018-06-29T12:47:39.666000Z
276,1.16584,1.16588,1870000.0048,4500000.0,2018-06-29T12:47:41.308000Z
277,1.16585,1.1658600000000001,1000000.0,1870000.0048,2018-06-29T12:47:41.624000Z
278,1.16582,1.16585,1450000.0477,1870000.0048,2018-06-29T12:47:41.678000Z
279,1.16583,1.1658700000000002,3819999.9332,1570000.0525,2018-06-29T12:47:42.130000Z
280,1.16583,1.1658700000000002,4570000.1717,2700000.0477,2018-06-29T12:47:43.311000Z
281,1.16583,1.1658600000000001,2619999.8856,1000000.0,2018-06-29T12:47:44.629000Z
282,1.16582,1.1658600000000001,2700000.0477,3450000.0477,2018-06-29T12:47:46.122000Z
283,1.16581,1.16585,5139999.8665,1690000.0572,2018-06-29T12:47:46.650000Z
284,1.16583,1.1658600000000001,2250000.0,1870000.0048,2018-06-29T12:47:46.959000Z
285,1.16584,1.1658600000000001,1120000.0048,1120000.0048,2018-06-29T12:47:47.473000Z
286,1.16583,1.1658700000000002,9069999.6948,1799999.9523,2018-06-29T12:47:47.980000Z
287,1.16583,1.16585,3750000.0,1200000.0477,2018-06-29T12:47:48.296000Z
288,1.16582,1.16585,3369999.8856,1500000.0,2018-06-29T12:47:49.042000Z
289,1.16583,1.1658600000000001,3000000.0,2099999.9046,2018-06-29T12:47:49.784000Z
290,1.16584,1.1658700000000002,2250000.0,7349999.9046,2018-06-29T12:47:50.311000Z
291,1.16583,1.1658600000000001,9000000.0,1000000.0,2018-06-29T12:47:51.031000Z
292,1.16584,1.1658700000000002,3000000.0,1500000.0,2018-06-29T12:47:51.535000Z
293,1.16588,1.16591,2250000.0,1120000.0048,2018-06-29T12:47:51.693000Z
294,1.16593,1.16594,1870000.0048,1000000.0,2018-06-29T12:47:51.802000Z
295,1.16594,1.16598,2809999.9428,2289999.9619,2018-06-29T12:47:51.995000Z
296,1.16595,1.16598,1870000.0048,1720000.0286,2018-06-29T12:47:52.518000Z
297,1.1659700000000002,1.16599,2250000.0,1000000.0,2018-06-29T12:47:53.042000Z
298,1.1659700000000002,1.16601,2619999.8856,1299999.9523,2018-06-29T12:47:53.136000Z
299,1.16598,1.16601,1000000.0,1909999.9666,2018-06-29T12:47:56.254000Z
300,1.1659700000000002,1.16602,1870000.0048,8359999.6567,2018-06-29T12:47:57.764000Z
301,1.1659700000000002,1.1660000000000001,1250000.0,1250000.0,2018-06-29T12:48:00.661000Z
302,1.16598,1.16601,9939999.5804,2099999.9046,2018-06-29T12:48:00.861000Z
303,1.16598,1.1660000000000001,1690000.0572,1500000.0,2018-06-29T12:48:02.618000Z
304,1.16594,1.1659700000000002,1250000.0,5619999.8856,2018-06-29T12:48:02.880000Z
305,1.16596,1.1659700000000002,1000000.0,1500000.0,2018-06-29T12:48:03.095000Z
306,1.16601,1.16604,1500000.0,4119999.8856,2018-06-29T12:48:03.308000Z
307,1.16603,1.16605,1000000.0,1000000.0,2018-06-29T12:48:03.467000Z
308,1.16604,1.1660700000000002,1120000.0048,2619999.8856,2018-06-29T12:48:03.958000Z
309,1.1660700000000002,1.16609,1000000.0,2250000.0,2018-06-29T12:48:04.065000Z
310,1.1661000000000001,1.16612,1500000.0,2319999.9332,2018-06-29T12:48:04.487000Z
311,1.16615,1.16616,1000000.0,1000000.0,2018-06-29T12:48:04.539000Z
312,1.1661700000000002,1.16619,2809999.9428,1500000.0,2018-06-29T12:48:04.591000Z
313,1.1662000000000001,1.16622,3410000.0858,10119999.8856,2018-06-29T12:48:04.644000Z
314,1.16622,1.1662299999999999,1000000.0,1000000.0,2018-06-29T12:48:04.696000Z
315,1.16622,1.16625,1000000.0,1500000.0,2018-06-29T12:48:04.799000Z
316,1.1662299999999999,1.16625,1000000.0,1950000.0477,2018-06-29T12:48:05.564000Z
317,1.16622,1.16625,1000000.0,3450000.0477,2018-06-29T12:48:06.170000Z
318,1.16624,1.1662700000000001,2440000.0572,2700000.0477,2018-06-29T12:48:06.581000Z
319,1.1662700000000001,1.1663000000000001,1100000.0238,3940000.0572,2018-06-29T12:48:06.841000Z
320,1.16626,1.1663100000000002,1950000.0477,7010000.2289,2018-06-29T12:48:07.365000Z
321,1.1663000000000001,1.16632,2250000.0,7119999.8856,2018-06-29T12:48:07.524000Z
322,1.1663100000000002,1.16635,5440000.0572,3859999.8951,2018-06-29T12:48:07.631000Z
323,1.16633,1.16636,5699999.8093,2250000.0,2018-06-29T12:48:07.823000Z
324,1.16632,1.16636,1200000.0477,4119999.8856,2018-06-29T12:48:08.033000Z
325,1.16634,1.16636,1000000.0,2250000.0,2018-06-29T12:48:08.139000Z
326,1.16636,1.16639,1500000.0,3000000.0,2018-06-29T12:48:08.331000Z
327,1.1663700000000001,1.1664,2470000.0286,6300000.1907,2018-06-29T12:48:08.383000Z
328,1.16639,1.1664100000000002,3819999.9332,1669999.9571,2018-06-29T12:48:08.438000Z
329,1.1664,1.16644,1000000.0,6190000.0572,2018-06-29T12:48:08.494000Z
330,1.16638,1.1664,3069999.9332,1500000.0,2018-06-29T12:48:08.601000Z
331,1.16636,1.1664,3069999.9332,1000000.0,2018-06-29T12:48:08.819000Z
332,1.16638,1.1664,1000000.0,1870000.0048,2018-06-29T12:48:10.252000Z
333,1.1663700000000001,1.1664,1950000.0477,1000000.0,2018-06-29T12:48:10.777000Z
334,1.1663700000000001,1.16639,1120000.0048,1000000.0,2018-06-29T12:48:11.431000Z
335,1.1663700000000001,1.1664,1000000.0,4500000.0,2018-06-29T12:48:11.947000Z
336,1.16635,1.1664,10199999.8093,2250000.0,2018-06-29T12:48:12.502000Z
337,1.16636,1.1664,1120000.0048,3369999.8856,2018-06-29T12:48:15.804000Z
338,1.16632,1.16636,5989999.7711,6820000.1717,2018-06-29T12:48:16.125000Z
339,1.1663000000000001,1.16634,1950000.0477,1200000.0477,2018-06-29T12:48:16.323000Z
340,1.1663000000000001,1.16635,2700000.0477,4690000.0572,2018-06-29T12:48:16.870000Z
341,1.1663100000000002,1.16635,1000000.0,3000000.0,2018-06-29T12:48:17.419000Z
342,1.16633,1.16635,2470000.0286,1000000.0,2018-06-29T12:48:17.523000Z
343,1.16635,1.16639,1000000.0,5250000.0,2018-06-29T12:48:17.680000Z
344,1.16634,1.16636,1000000.0,1000000.0,2018-06-29T12:48:17.733000Z
345,1.16632,1.16635,1000000.0,5250000.0,2018-06-29T12:48:17.913000Z
346,1.1663000000000001,1.16635,5699999.8093,3559999.9428,2018-06-29T12:48:18.953000Z
347,1.1663000000000001,1.16635,4239999.7711,2250000.0,2018-06-29T12:48:19.478000Z
348,1.1663100000000002,1.16635,1600000.0238,3819999.9332,2018-06-29T12:48:20.284000Z
349,1.1663100000000002,1.16635,1600000.0238,4949999.8093,2018-06-29T12:48:20.821000Z
350,1.1663100000000002,1.16633,1649999.9762,1120000.0048,2018-06-29T12:48:23.063000Z
351,1.16626,1.16629,1370000.0048,1000000.0,2018-06-29T12:48:23.222000Z
352,1.16624,1.16629,3299999.9523,2700000.0477,2018-06-29T12:48:23.674000Z
353,1.16624,1.16628,1720000.0286,1309999.9428,2018-06-29T12:48:24.203000Z
354,1.16629,1.1663000000000001,1000000.0,1570000.0525,2018-06-29T12:48:24.649000Z
355,1.1663000000000001,1.16633,1570000.0525,1690000.0572,2018-06-29T12:48:24.755000Z
356,1.16633,1.16635,2250000.0,1200000.0477,2018-06-29T12:48:24.860000Z
357,1.16632,1.16633,1000000.0,1000000.0,2018-06-29T12:48:24.996000Z
358,1.16633,1.16635,2250000.0,1120000.0048,2018-06-29T12:48:25.049000Z
359,1.1663000000000001,1.16633,3069999.9332,1000000.0,2018-06-29T12:48:25.154000Z
360,1.16632,1.16634,3750000.0,1100000.0238,2018-06-29T12:48:25.677000Z
361,1.16634,1.16638,5170000.0763,1570000.0525,2018-06-29T12:48:25.733000Z
362,1.16635,1.16639,1120000.0048,4010000.2289,2018-06-29T12:48:26.237000Z
363,1.16634,1.16636,1250000.0,1250000.0,2018-06-29T12:48:26.498000Z
364,1.16632,1.16635,1570000.0525,2619999.8856,2018-06-29T12:48:26.551000Z
365,1.1663000000000001,1.16634,2920000.0763,1000000.0,2018-06-29T12:48:26.604000Z
366,1.16629,1.16634,8890000.3433,3259999.9905,2018-06-29T12:48:27.151000Z
367,1.1663000000000001,1.16634,1000000.0,3750000.0,2018-06-29T12:48:27.913000Z
368,1.1663000000000001,1.16634,4500000.0,3369999.8856,2018-06-29T12:48:28.687000Z
369,1.1663100000000002,1.16634,1200000.0477,2619999.8856,2018-06-29T12:48:29.288000Z
370,1.16633,1.16636,2250000.0,6369999.8856,2018-06-29T12:48:29.550000Z
371,1.16635,1.16638,1200000.0477,1120000.0048,2018-06-29T12:48:29.655000Z
372,1.16635,1.16639,1950000.0477,5059999.9428,2018-06-29T12:48:30.180000Z
373,1.16636,1.16639,1000000.0,2059999.9428,2018-06-29T12:48:31.018000Z
374,1.16635,1.16639,2319999.9332,2059999.9428,2018-06-29T12:48:31.562000Z
375,1.16636,1.16639,1000000.0,2619999.8856,2018-06-29T12:48:32.103000Z
376,1.16634,1.16638,9449999.8093,1500000.0,2018-06-29T12:48:32.521000Z
377,1.16634,1.16639,7199999.8093,5250000.0,2018-06-29T12:48:33.164000Z
378,1.16635,1.16639,1100000.0238,2849999.9046,2018-06-29T12:48:33.576000Z
379,1.16635,1.16638,5250000.0,1000000.0,2018-06-29T12:48:34.122000Z
380,1.16633,1.16634,1200000.0477,1299999.9523,2018-06-29T12:48:37.063000Z
381,1.16632,1.16634,1120000.0048,4719999.7902,2018-06-29T12:48:37.216000Z
382,1.16628,1.1663000000000001,2250000.0,2250000.0,2018-06-29T12:48:37.270000Z
383,1.16626,1.16629,3069999.9332,1500000.0,2018-06-29T12:48:37.430000Z
384,1.16625,1.1662700000000001,3450000.0477,1870000.0048,2018-06-29T12:48:37.743000Z
385,1.1662299999999999,1.16624,1000000.0,1000000.0,2018-06-29T12:48:38.292000Z
386,1.1662100000000002,1.16625,1870000.0048,3970000.0286,2018-06-29T12:48:38.398000Z
387,1.1662100000000002,1.16624,1309999.9428,1250000.0,2018-06-29T12:48:39.074000Z
388,1.1662299999999999,1.16625,1000000.0,1500000.0,2018-06-29T12:48:39.564000Z
389,1.16625,1.1662700000000001,2319999.9332,1000000.0,2018-06-29T12:48:39.886000Z
390,1.1662100000000002,1.16625,9069999.6948,3369999.8856,2018-06-29T12:48:39.994000Z
391,1.1662299999999999,1.16626,2619999.8856,6599999.9046,2018-06-29T12:48:40.276000Z
392,1.16622,1.16624,1500000.0,1000000.0,2018-06-29T12:48:40.747000Z
393,1.16622,1.16625,1000000.0,4119999.8856,2018-06-29T12:48:41.590000Z
394,1.16622,1.16624,1000000.0,3750000.0,2018-06-29T12:48:42.247000Z
395,1.16619,1.16622,4199999.8093,2619999.8856,2018-06-29T12:48:42.573000Z
396,1.16618,1.1662000000000001,1500000.0,1500000.0,2018-06-29T12:48:43.856000Z
397,1.1661700000000002,1.1662000000000001,1500000.0,5099999.9046,2018-06-29T12:48:44.394000Z
398,1.16616,1.1662000000000001,5699999.8093,1720000.0286,2018-06-29T12:48:44.984000Z
399,1.1661700000000002,1.16618,3000000.0,1000000.0,2018-06-29T12:48:45.341000Z
400,1.16614,1.1661700000000002,1950000.0477,3750000.0,2018-06-29T12:48:45.547000Z
401,1.16614,1.16616,1200000.0477,1500000.0,2018-06-29T12:48:46.064000Z
402,1.16615,1.16618,2250000.0,2619999.8856,2018-06-29T12:48:46.323000Z
403,1.16616,1.16618,1950000.0477,1000000.0,2018-06-29T12:48:46.830000Z
404,1.1661700000000002,1.1662000000000001,3450000.0477,2250000.0,2018-06-29T12:48:47.345000Z
405,1.1661700000000002,1.1662000000000001,4949999.8093,1500000.0,2018-06-29T12:48:48.413000Z
406,1.1661700000000002,1.16619,1200000.0477,3000000.0,2018-06-29T12:48:49.407000Z
407,1.16615,1.16619,7199999.8093,2849999.9046,2018-06-29T12:48:49.459000Z
408,1.16616,1.16619,1000000.0,3220000.0286,2018-06-29T12:48:50.184000Z
409,1.16618,1.1662000000000001,2690000.0572,4500000.0,2018-06-29T12:48:50.522000Z
410,1.1662000000000001,1.1662100000000002,1500000.0,1200000.0477,2018-06-29T12:48:50.575000Z
411,1.1662000000000001,1.1662299999999999,2809999.9428,1500000.0,2018-06-29T12:48:50.681000Z
412,1.16618,1.1662100000000002,1950000.0477,1500000.0,2018-06-29T12:48:50.892000Z
413,1.1661700000000002,1.16619,1450000.0477,1720000.0286,2018-06-29T12:48:51.020000Z
414,1.16615,1.16618,1500000.0,2250000.0,2018-06-29T12:48:51.073000Z
415,1.16614,1.16618,10199999.8093,2099999.9046,2018-06-29T12:48:51.606000Z
416,1.16614,1.16619,14699999.8093,2619999.8856,2018-06-29T12:48:51.934000Z
417,1.16614,1.16616,1950000.0477,1500000.0,2018-06-29T12:48:52.307000Z
418,1.1661299999999999,1.16616,2890000.1049,2440000.0572,2018-06-29T12:48:52.412000Z
419,1.16615,1.1661700000000002,1500000.0,1570000.0525,2018-06-29T12:48:52.510000Z
420,1.16616,1.1662000000000001,4389999.8665,1000000.0,2018-06-29T12:48:52.564000Z
421,1.16619,1.1662100000000002,5250000.0,1500000.0,2018-06-29T12:48:52.618000Z
422,1.16624,1.1662700000000001,4199999.8093,1500000.0,2018-06-29T12:48:52.882000Z
423,1.16624,1.1662700000000001,3450000.0477,2250000.0,2018-06-29T12:48:53.059000Z
424,1.1662100000000002,1.16624,1200000.0477,1120000.0048,2018-06-29T12:48:53.116000Z
425,1.1662000000000001,1.1662100000000002,1200000.0477,4869999.8856,2018-06-29T12:48:53.171000Z
426,1.16618,1.16619,3000000.0,1500000.0,2018-06-29T12:48:53.232000Z
427,1.1661700000000002,1.1662100000000002,1120000.0048,10500000.0,2018-06-29T12:48:53.336000Z
428,1.16618,1.1662100000000002,2809999.9428,1500000.0,2018-06-29T12:48:53.439000Z
429,1.16618,1.16619,1200000.0477,1000000.0,2018-06-29T12:48:53.769000Z
430,1.1661299999999999,1.1661700000000002,4949999.8093,3970000.0286,2018-06-29T12:48:53.874000Z
431,1.1661299999999999,1.16616,1100000.0238,1500000.0,2018-06-29T12:48:54.378000Z
432,1.1661299999999999,1.16616,2319999.9332,2250000.0,2018-06-29T12:48:55.529000Z
433,1.16614,1.16616,1500000.0,2250000.0,2018-06-29T12:48:56.056000Z
434,1.16614,1.1661700000000002,1000000.0,2619999.8856,2018-06-29T12:48:56.744000Z
435,1.1661299999999999,1.1661700000000002,3640000.1049,2619999.8856,2018-06-29T12:48:57.248000Z
436,1.16614,1.1661700000000002,1500000.0,14250000.0,2018-06-29T12:48:57.838000Z
437,1.1661299999999999,1.16616,1950000.0477,3369999.8856,2018-06-29T12:48:58.986000Z
438,1.16609,1.16612,3369999.8856,4119999.8856,2018-06-29T12:48:59.093000Z
439,1.16608,1.1661100000000002,2250000.0,5099999.9046,2018-06-29T12:48:59.254000Z
440,1.16609,1.1661299999999999,3259999.9905,1000000.0,2018-06-29T12:48:59.602000Z
441,1.16608,1.16609,1570000.0525,1000000.0,2018-06-29T12:48:59.866000Z
442,1.16606,1.16608,1450000.0477,1500000.0,2018-06-29T12:48:59.919000Z
443,1.16604,1.16609,3450000.0477,8289999.9619,2018-06-29T12:48:59.972000Z
444,1.16604,1.1660700000000002,1759999.9905,1250000.0,2018-06-29T12:49:01.708000Z
445,1.16605,1.16608,1000000.0,3789999.9619,2018-06-29T12:49:02.385000Z
446,1.16605,1.1660700000000002,1250000.0,1250000.0,2018-06-29T12:49:03.185000Z
447,1.16605,1.16608,1000000.0,3039999.9619,2018-06-29T12:49:03.705000Z
448,1.16604,1.16608,4010000.2289,2289999.9619,2018-06-29T12:49:04.244000Z
449,1.16604,1.1660700000000002,1759999.9905,1250000.0,2018-06-29T12:49:04.829000Z
450,1.16604,1.16608,1759999.9905,1539999.9619,2018-06-29T12:49:05.790000Z
451,1.16603,1.16604,1200000.0477,1250000.0,2018-06-29T12:49:06.147000Z
452,1.16601,1.16605,3450000.0477,1500000.0,2018-06-29T12:49:06.254000Z
453,1.16603,1.16606,1120000.0048,1720000.0286,2018-06-29T12:49:06.308000Z
454,1.16602,1.16606,5510000.2289,1120000.0048,2018-06-29T12:49:06.835000Z
455,1.16603,1.16606,1570000.0525,1000000.0,2018-06-29T12:49:07.337000Z
456,1.16603,1.1660700000000002,2700000.0477,3299999.9523,2018-06-29T12:49:07.907000Z
457,1.16603,1.16606,2319999.9332,9819999.6948,2018-06-29T12:49:08.436000Z
458,1.16605,1.16606,2440000.0572,1000000.0,2018-06-29T12:49:09.411000Z
459,1.16609,1.1661000000000001,1870000.0048,1000000.0,2018-06-29T12:49:09.729000Z
460,1.16608,1.1661100000000002,4949999.8093,1000000.0,2018-06-29T12:49:10.315000Z
461,1.16609,1.1661000000000001,1500000.0,1000000.0,2018-06-29T12:49:10.841000Z
462,1.1660700000000002,1.1661000000000001,2319999.9332,1000000.0,2018-06-29T12:49:10.895000Z
463,1.16606,1.1661000000000001,5320000.1717,6070000.1717,2018-06-29T12:49:11.436000Z
464,1.16606,1.1661000000000001,3259999.9905,4389999.8665,2018-06-29T12:49:12.018000Z
465,1.16606,1.1661000000000001,2890000.1049,7610000.1335,2018-06-29T12:49:13.472000Z
466,1.16605,1.16608,1950000.0477,2809999.9428,2018-06-29T12:49:13.578000Z
467,1.16604,1.1660700000000002,3450000.0477,3000000.0,2018-06-29T12:49:13.631000Z
468,1.16602,1.16604,2700000.0477,1500000.0,2018-06-29T12:49:14.066000Z
469,1.1660000000000001,1.16604,4199999.8093,3369999.8856,2018-06-29T12:49:14.330000Z
470,1.16598,1.16601,6070000.1717,1500000.0,2018-06-29T12:49:14.599000Z
471,1.16598,1.16601,1570000.0525,4119999.8856,2018-06-29T12:49:15.125000Z
472,1.16598,1.1660000000000001,3000000.0,1000000.0,2018-06-29T12:49:15.636000Z
473,1.16596,1.16598,1500000.0,1120000.0048,2018-06-29T12:49:15.953000Z
474,1.16594,1.16598,1759999.9905,3940000.0572,2018-06-29T12:49:16.886000Z
475,1.16594,1.16598,1200000.0477,2250000.0,2018-06-29T12:49:17.442000Z
476,1.1659700000000002,1.16598,1500000.0,1000000.0,2018-06-29T12:49:17.887000Z
477,1.16599,1.16603,2700000.0477,5250000.0,2018-06-29T12:49:18.143000Z
478,1.1660000000000001,1.16603,2319999.9332,3750000.0,2018-06-29T12:49:18.676000Z
479,1.16599,1.16601,1100000.0238,1500000.0,2018-06-29T12:49:18.729000Z
480,1.1659700000000002,1.16601,2250000.0,9750000.0,2018-06-29T12:49:18.833000Z
481,1.16596,1.16599,2619999.8856,2250000.0,2018-06-29T12:49:19.350000Z
482,1.16598,1.1660000000000001,1000000.0,6000000.0,2018-06-29T12:49:19.483000Z
483,1.16599,1.16601,3069999.9332,1000000.0,2018-06-29T12:49:20.073000Z
484,1.16596,1.16599,3819999.9332,2250000.0,2018-06-29T12:49:20.278000Z
485,1.16598,1.16601,1250000.0,2619999.8856,2018-06-29T12:49:20.485000Z
486,1.1659700000000002,1.16601,1200000.0477,4719999.7902,2018-06-29T12:49:22.223000Z
487,1.16595,1.16599,1009999.9905,3369999.8856,2018-06-29T12:49:22.328000Z
488,1.16594,1.16596,1570000.0525,1120000.0048,2018-06-29T12:49:22.820000Z
489,1.16592,1.16594,1000000.0,1000000.0,2018-06-29T12:49:22.872000Z
490,1.16589,1.16593,4570000.1717,3220000.0286,2018-06-29T12:49:22.978000Z
491,1.1658600000000001,1.1659000000000002,2319999.9332,1000000.0,2018-06-29T12:49:23.082000Z
492,1.1658700000000002,1.16591,1200000.0477,5469999.7902,2018-06-29T12:49:23.626000Z
493,1.16584,1.16588,1759999.9905,2099999.9046,2018-06-29T12:49:23.946000Z
494,1.1658600000000001,1.16589,4690000.0572,1570000.0525,2018-06-29T12:49:24.362000Z
495,1.16588,1.16592,1500000.0,4199999.8093,2018-06-29T12:49:24.466000Z
496,1.16589,1.16594,1950000.0477,8439999.5804,2018-06-29T12:49:24.646000Z
497,1.16585,1.16589,1389999.9857,2809999.9428,2018-06-29T12:49:24.906000Z
498,1.16585,1.16589,1700000.0477,10909999.8474,2018-06-29T12:49:25.449000Z
499,1.1658700000000002,1.16589,1950000.0477,1000000.0,2018-06-29T12:49:25.721000Z
500,1.16585,1.16589,1500000.0,3190000.0572,2018-06-29T12:49:25.825000Z
501,1.1658700000000002,1.1659000000000002,3750000.0,1570000.0525,2018-06-29T12:49:26.355000Z
502,1.1658700000000002,1.16591,1120000.0048,1500000.0,2018-06-29T12:49:26.890000Z
503,1.16585,1.1659000000000002,2140000.1049,6639999.8665,2018-06-29T12:49:27.203000Z
504,1.16585,1.1659000000000002,2140000.1049,8510000.2289,2018-06-29T12:49:27.408000Z
505,1.1658700000000002,1.1659000000000002,1309999.9428,11810000.4196,2018-06-29T12:49:27.960000Z
506,1.16588,1.16591,1000000.0,6750000.0,2018-06-29T12:49:28.464000Z
507,1.1658700000000002,1.16591,1000000.0,7869999.8856,2018-06-29T12:49:29.014000Z
508,1.16591,1.16592,1500000.0,1200000.0477,2018-06-29T12:49:29.906000Z
509,1.16594,1.1659700000000002,1120000.0048,2700000.0477,2018-06-29T12:49:30.010000Z
510,1.16594,1.16598,2809999.9428,1500000.0,2018-06-29T12:49:30.062000Z
511,1.1659700000000002,1.16599,3259999.9905,1870000.0048,2018-06-29T12:49:30.115000Z
512,1.16599,1.16603,4949999.8093,1500000.0,2018-06-29T12:49:30.245000Z
513,1.1660000000000001,1.16604,1470000.0286,3450000.0477,2018-06-29T12:49:30.297000Z
514,1.1660000000000001,1.16605,1500000.0,6070000.1717,2018-06-29T12:49:30.965000Z
515,1.16601,1.16602,1000000.0,1500000.0,2018-06-29T12:49:31.275000Z
516,1.16598,1.1660000000000001,1000000.0,1500000.0,2018-06-29T12:49:31.530000Z
517,1.16596,1.16599,1000000.0,2250000.0,2018-06-29T12:49:31.583000Z
518,1.16596,1.16598,2890000.1049,3750000.0,2018-06-29T12:49:32.117000Z
519,1.16595,1.1659700000000002,1200000.0477,2440000.0572,2018-06-29T12:49:32.571000Z
520,1.16593,1.16595,2890000.1049,3750000.0,2018-06-29T12:49:32.624000Z
521,1.16591,1.16593,1870000.0048,3750000.0,2018-06-29T12:49:32.730000Z
522,1.16588,1.16592,6070000.1717,2619999.8856,2018-06-29T12:49:32.880000Z
523,1.16589,1.16592,1250000.0,6190000.0572,2018-06-29T12:49:33.422000Z
524,1.16589,1.16593,4010000.2289,5510000.2289,2018-06-29T12:49:33.690000Z
525,1.16589,1.16591,1000000.0,5440000.0572,2018-06-29T12:49:34.154000Z
526,1.1658600000000001,1.16591,1950000.0477,7500000.0,2018-06-29T12:49:34.275000Z
527,1.1658600000000001,1.16591,2890000.1049,6190000.0572,2018-06-29T12:49:34.805000Z
528,1.1658700000000002,1.1659000000000002,1250000.0,4500000.0,2018-06-29T12:49:35.346000Z
529,1.1658600000000001,1.1659000000000002,3069999.9332,3750000.0,2018-06-29T12:49:36.126000Z
530,1.16585,1.16588,2700000.0477,3750000.0,2018-06-29T12:49:36.384000Z
531,1.16584,1.1658700000000002,1200000.0477,1870000.0048,2018-06-29T12:49:36.544000Z
532,1.16583,1.1658600000000001,4389999.8665,3750000.0,2018-06-29T12:49:37.080000Z
533,1.16582,1.16585,1500000.0,7570000.1717,2018-06-29T12:49:37.285000Z
534,1.16583,1.16585,1559999.9428,3750000.0,2018-06-29T12:49:37.879000Z
535,1.16583,1.1658700000000002,3369999.8856,4690000.0572,2018-06-29T12:49:38.124000Z
536,1.16583,1.1658700000000002,2250000.0,4690000.0572,2018-06-29T12:49:38.655000Z
537,1.16584,1.16588,2890000.1049,3069999.9332,2018-06-29T12:49:39.170000Z
538,1.16588,1.16589,4119999.8856,2250000.0,2018-06-29T12:49:39.222000Z
539,1.1659000000000002,1.16593,1250000.0,3190000.0572,2018-06-29T12:49:39.325000Z
540,1.1659000000000002,1.16592,1009999.9905,1500000.0,2018-06-29T12:49:40.072000Z
541,1.16589,1.16593,1500000.0,5619999.8856,2018-06-29T12:49:40.613000Z
542,1.16588,1.16591,4199999.8093,1000000.0,2018-06-29T12:49:40.963000Z
543,1.1658600000000001,1.1659000000000002,5699999.8093,1299999.9523,2018-06-29T12:49:41.066000Z
544,1.16588,1.1659000000000002,1000000.0,7349999.9046,2018-06-29T12:49:41.204000Z
545,1.1659000000000002,1.16592,1000000.0,3750000.0,2018-06-29T12:49:41.256000Z
546,1.16591,1.16593,1250000.0,2440000.0572,2018-06-29T12:49:41.360000Z
547,1.1659000000000002,1.16594,2059999.9428,4309999.9428,2018-06-29T12:49:41.908000Z
548,1.1659000000000002,1.16594,2319999.9332,2319999.9332,2018-06-29T12:49:42.459000Z
549,1.1659000000000002,1.16594,3000000.0,2250000.0,2018-06-29T12:49:42.995000Z
550,1.16595,1.1659700000000002,1000000.0,1950000.0477,2018-06-29T12:49:43.769000Z
551,1.1659700000000002,1.16598,1000000.0,1500000.0,2018-06-29T12:49:43.822000Z
552,1.1659700000000002,1.16601,3190000.0572,4119999.8856,2018-06-29T12:49:43.874000Z
553,1.16598,1.1660000000000001,3369999.8856,2250000.0,2018-06-29T12:49:44.494000Z
554,1.1659700000000002,1.16599,1000000.0,3940000.0572,2018-06-29T12:49:47.309000Z
555,1.16595,1.1659700000000002,1950000.0477,3039999.9619,2018-06-29T12:49:47.361000Z
556,1.16594,1.16596,1000000.0,1799999.9523,2018-06-29T12:49:47.517000Z
557,1.16592,1.16596,2440000.0572,4989999.7711,2018-06-29T12:49:47.570000Z
558,1.16593,1.16596,1250000.0,5139999.8665,2018-06-29T12:49:48.114000Z
559,1.16592,1.16596,1309999.9428,4199999.8093,2018-06-29T12:49:49.129000Z
560,1.16592,1.16596,2059999.9428,5139999.8665,2018-06-29T12:49:49.688000Z
561,1.16592,1.16596,2809999.9428,2319999.9332,2018-06-29T12:49:50.236000Z
562,1.16592,1.16596,1309999.9428,2700000.0477,2018-06-29T12:49:50.882000Z
563,1.16592,1.16596,1690000.0572,1200000.0477,2018-06-29T12:49:51.423000Z
564,1.16592,1.16596,2059999.9428,2700000.0477,2018-06-29T12:49:52.303000Z
565,1.16592,1.16595,5059999.9428,1000000.0,2018-06-29T12:49:52.816000Z
566,1.16592,1.16596,1690000.0572,3069999.9332,2018-06-29T12:49:53.326000Z
567,1.16596,1.16598,2440000.0572,1200000.0477,2018-06-29T12:49:53.732000Z
568,1.16598,1.16599,3940000.0572,1000000.0,2018-06-29T12:49:53.785000Z
569,1.16599,1.16601,1690000.0572,2319999.9332,2018-06-29T12:49:54.240000Z
570,1.16599,1.16602,1690000.0572,3819999.9332,2018-06-29T12:49:54.852000Z
571,1.16599,1.1660000000000001,1000000.0,1000000.0,2018-06-29T12:49:54.909000Z
572,1.1660000000000001,1.16602,1000000.0,1950000.0477,2018-06-29T12:49:55.475000Z
573,1.16598,1.16601,1000000.0,2250000.0,2018-06-29T12:49:55.943000Z
574,1.16598,1.1660000000000001,3000000.0,1500000.0,2018-06-29T12:49:56.562000Z
575,1.16598,1.16601,1500000.0,4199999.8093,2018-06-29T12:49:57.160000Z
576,1.16598,1.16601,1000000.0,4949999.8093,2018-06-29T12:49:57.670000Z
577,1.16598,1.16601,1000000.0,4570000.1717,2018-06-29T12:49:58.181000Z
578,1.16596,1.1659700000000002,1500000.0,1500000.0,2018-06-29T12:49:58.233000Z
579,1.1659000000000002,1.16594,2890000.1049,1000000.0,2018-06-29T12:49:58.474000Z
580,1.16593,1.16594,1690000.0572,2319999.9332,2018-06-29T12:49:58.738000Z
581,1.16594,1.1659700000000002,1250000.0,1870000.0048,2018-06-29T12:49:58.791000Z
582,1.16595,1.1659700000000002,1000000.0,1370000.0048,2018-06-29T12:49:59.308000Z
583,1.16593,1.16596,5250000.0,1100000.0238,2018-06-29T12:49:59.414000Z
584,1.16596,1.16598,1120000.0048,1000000.0,2018-06-29T12:49:59.676000Z
585,1.1659700000000002,1.16599,1000000.0,1100000.0238,2018-06-29T12:50:00.222000Z
586,1.16594,1.1659700000000002,1500000.0,1950000.0477,2018-06-29T12:50:00.542000Z
587,1.16595,1.16598,1000000.0,2319999.9332,2018-06-29T12:50:01.017000Z
588,1.16594,1.16598,1950000.0477,1100000.0238,2018-06-29T12:50:01.975000Z
589,1.16594,1.1659700000000002,2319999.9332,1570000.0525,2018-06-29T12:50:02.078000Z
590,1.16594,1.1659700000000002,5510000.2289,1500000.0,2018-06-29T12:50:02.612000Z
591,1.16591,1.16595,3369999.8856,4949999.8093,2018-06-29T12:50:02.924000Z
592,1.16592,1.16594,1120000.0048,1000000.0,2018-06-29T12:50:03.461000Z
593,1.16592,1.16595,1690000.0572,1950000.0477,2018-06-29T12:50:04Z
594,1.16592,1.16595,1190000.0572,2890000.1049,2018-06-29T12:50:08.107000Z
595,1.16592,1.16595,1250000.0,1200000.0477,2018-06-29T12:50:08.646000Z
596,1.16596,1.1659700000000002,1000000.0,1200000.0477,2018-06-29T12:50:10.537000Z
597,1.1659700000000002,1.16598,1000000.0,1500000.0,2018-06-29T12:50:10.589000Z
598,1.1659700000000002,1.1660000000000001,2250000.0,1000000.0,2018-06-29T12:50:10.642000Z
599,1.16595,1.16599,3369999.8856,1120000.0048,2018-06-29T12:50:10.853000Z
600,1.16595,1.1659700000000002,1000000.0,1120000.0048,2018-06-29T12:50:11.334000Z
601,1.16593,1.16596,1000000.0,1200000.0477,2018-06-29T12:50:11.541000Z
602,1.16593,1.16596,1000000.0,10390000.3433,2018-06-29T12:50:12.173000Z
603,1.16592,1.16594,1000000.0,1470000.0286,2018-06-29T12:50:12.277000Z
604,1.16591,1.16593,1000000.0,1200000.0477,2018-06-29T12:50:12.909000Z
605,1.16591,1.16594,1690000.0572,3069999.9332,2018-06-29T12:50:14.376000Z
606,1.16594,1.16596,1000000.0,1000000.0,2018-06-29T12:50:14.706000Z
607,1.16594,1.1659700000000002,1000000.0,1100000.0238,2018-06-29T12:50:15.252000Z
608,1.16593,1.16595,1000000.0,5250000.0,2018-06-29T12:50:15.711000Z
609,1.16592,1.16596,4869999.8856,2250000.0,2018-06-29T12:50:15.764000Z
610,1.16595,1.1659700000000002,1120000.0048,2700000.0477,2018-06-29T12:50:16.195000Z
611,1.16599,1.16603,3369999.8856,1870000.0048,2018-06-29T12:50:16.379000Z
612,1.16599,1.16603,5619999.8856,2319999.9332,2018-06-29T12:50:16.897000Z
613,1.1660000000000001,1.16603,1000000.0,3819999.9332,2018-06-29T12:50:17.525000Z
614,1.1659700000000002,1.16599,2319999.9332,1500000.0,2018-06-29T12:50:17.939000Z
615,1.16595,1.16598,1500000.0,1500000.0,2018-06-29T12:50:18.059000Z
616,1.16594,1.16598,3000000.0,2319999.9332,2018-06-29T12:50:18.563000Z
617,1.16594,1.1659700000000002,1120000.0048,1500000.0,2018-06-29T12:50:19.079000Z
618,1.16595,1.16598,1000000.0,4199999.8093,2018-06-29T12:50:19.584000Z
619,1.16595,1.1659700000000002,1500000.0,1100000.0238,2018-06-29T12:50:20.086000Z
620,1.16596,1.16598,1000000.0,1200000.0477,2018-06-29T12:50:20.907000Z
621,1.16596,1.16598,1000000.0,5139999.8665,2018-06-29T12:50:21.417000Z
622,1.16595,1.1659700000000002,1000000.0,3369999.8856,2018-06-29T12:50:21.960000Z
623,1.16595,1.1659700000000002,1000000.0,5250000.0,2018-06-29T12:50:22.484000Z
624,1.16594,1.16595,1500000.0,1000000.0,2018-06-29T12:50:22.985000Z
625,1.16595,1.1659700000000002,1000000.0,4199999.8093,2018-06-29T12:50:23.141000Z
626,1.16595,1.1659700000000002,1000000.0,3819999.9332,2018-06-29T12:50:23.889000Z
627,1.16595,1.1659700000000002,1000000.0,2849999.9046,2018-06-29T12:50:24.459000Z
628,1.16595,1.1659700000000002,1000000.0,5099999.9046,2018-06-29T12:50:25.035000Z
629,1.16595,1.1659700000000002,1000000.0,1350000.0238,2018-06-29T12:50:25.565000Z
630,1.16595,1.1659700000000002,1000000.0,2849999.9046,2018-06-29T12:50:26.094000Z
631,1.16595,1.1659700000000002,1000000.0,1299999.9523,2018-06-29T12:50:26.639000Z
632,1.16596,1.1659700000000002,1000000.0,1000000.0,2018-06-29T12:50:27.204000Z
633,1.16592,1.16594,2250000.0,1500000.0,2018-06-29T12:50:27.756000Z
634,1.16591,1.16593,1200000.0477,1500000.0,2018-06-29T12:50:27.808000Z
635,1.1659000000000002,1.16592,2250000.0,1120000.0048,2018-06-29T12:50:27.860000Z
636,1.16591,1.16593,1000000.0,7989999.7711,2018-06-29T12:50:28.263000Z
637,1.16585,1.1658700000000002,1870000.0048,1049999.9523,2018-06-29T12:50:28.370000Z
638,1.16582,1.16584,1200000.0477,3000000.0,2018-06-29T12:50:28.424000Z
639,1.16578,1.16583,5019999.9809,5360000.1335,2018-06-29T12:50:28.531000Z
640,1.16579,1.16582,1190000.0572,1799999.9523,2018-06-29T12:50:28.584000Z
641,1.16581,1.16583,1000000.0,7579999.9237,2018-06-29T12:50:29.765000Z
642,1.1658,1.16583,1000000.0,6260000.2289,2018-06-29T12:50:30.317000Z
643,1.1658,1.16582,1000000.0,2700000.0477,2018-06-29T12:50:30.850000Z
644,1.1658,1.16582,1000000.0,3640000.1049,2018-06-29T12:50:31.474000Z
645,1.1658,1.16582,1000000.0,2700000.0477,2018-06-29T12:50:31.993000Z
646,1.1658,1.16582,1000000.0,3640000.1049,2018-06-29T12:50:32.570000Z
647,1.16579,1.16582,1759999.9905,2700000.0477,2018-06-29T12:50:32.623000Z
648,1.1658,1.16582,1000000.0,3450000.0477,2018-06-29T12:50:33.114000Z
649,1.1658,1.16581,1250000.0,1000000.0,2018-06-29T12:50:33.627000Z
650,1.16579,1.16582,1009999.9905,1100000.0238,2018-06-29T12:50:34.156000Z
651,1.16579,1.16582,1289999.9619,1759999.9905,2018-06-29T12:50:34.794000Z
652,1.16578,1.1658,1000000.0,2250000.0,2018-06-29T12:50:35.280000Z
653,1.16575,1.1657600000000001,1500000.0,1000000.0,2018-06-29T12:50:35.593000Z
654,1.16574,1.1657600000000001,1250000.0,1009999.9905,2018-06-29T12:50:36.149000Z
655,1.16575,1.1657600000000001,1000000.0,1389999.9857,2018-06-29T12:50:36.951000Z
656,1.16573,1.1657700000000002,2440000.0572,6860000.1335,2018-06-29T12:50:37.481000Z
657,1.16574,1.1657600000000001,1000000.0,4949999.8093,2018-06-29T12:50:38.001000Z
658,1.16574,1.1657600000000001,1070000.0525,4949999.8093,2018-06-29T12:50:38.679000Z
659,1.16573,1.16575,2140000.1049,3940000.0572,2018-06-29T12:50:39.212000Z
660,1.16573,1.16575,2140000.1049,3750000.0,2018-06-29T12:50:39.999000Z
661,1.16575,1.1657600000000001,1000000.0,6000000.0,2018-06-29T12:50:41.286000Z
662,1.16572,1.16575,1000000.0,12449999.8093,2018-06-29T12:50:41.483000Z
663,1.16571,1.16573,1000000.0,1000000.0,2018-06-29T12:50:41.536000Z
664,1.1656900000000001,1.16573,2250000.0,6639999.8665,2018-06-29T12:50:41.867000Z
665,1.1656700000000002,1.1657,4119999.8856,1870000.0048,2018-06-29T12:50:42.062000Z
666,1.1656600000000001,1.16568,1000000.0,2619999.8856,2018-06-29T12:50:42.219000Z
667,1.16565,1.1656700000000002,1309999.9428,4389999.8665,2018-06-29T12:50:42.744000Z
668,1.16565,1.1656700000000002,1500000.0,1200000.0477,2018-06-29T12:50:43.355000Z
669,1.16573,1.16575,1690000.0572,5250000.0,2018-06-29T12:50:43.409000Z
670,1.16574,1.1657600000000001,1000000.0,2319999.9332,2018-06-29T12:50:43.514000Z
671,1.16575,1.1657600000000001,1500000.0,6369999.8856,2018-06-29T12:50:44.023000Z
672,1.1657700000000002,1.16579,3559999.9428,3369999.8856,2018-06-29T12:50:44.519000Z
673,1.16578,1.16581,2440000.0572,3069999.9332,2018-06-29T12:50:44.658000Z
674,1.1658,1.16582,1000000.0,4949999.8093,2018-06-29T12:50:45.937000Z
675,1.1658,1.16582,1000000.0,2319999.9332,2018-06-29T12:50:46.508000Z
676,1.16579,1.16582,1000000.0,3069999.9332,2018-06-29T12:50:47.015000Z
677,1.1658,1.16582,1250000.0,3940000.0572,2018-06-29T12:50:47.544000Z
678,1.16579,1.16582,1250000.0,2250000.0,2018-06-29T12:50:48.129000Z
679,1.1658,1.16581,1250000.0,1100000.0238,2018-06-29T12:50:48.656000Z
680,1.16581,1.16583,2500000.0,1950000.0477,2018-06-29T12:50:49.025000Z
681,1.16584,1.1658600000000001,4500000.0,1000000.0,2018-06-29T12:50:49.168000Z
682,1.16585,1.1658700000000002,1190000.0572,1570000.0525,2018-06-29T12:50:49.224000Z
683,1.16584,1.1658700000000002,10310000.4196,1100000.0238,2018-06-29T12:50:49.800000Z
684,1.16585,1.16589,2440000.0572,6449999.8093,2018-06-29T12:50:50.220000Z
685,1.16588,1.16589,2250000.0,1200000.0477,2018-06-29T12:50:50.273000Z
686,1.1658600000000001,1.16589,3000000.0,1870000.0048,2018-06-29T12:50:50.486000Z
687,1.1658700000000002,1.16589,3940000.0572,1450000.0477,2018-06-29T12:50:50.685000Z
688,1.16588,1.1659000000000002,1250000.0,1950000.0477,2018-06-29T12:50:50.737000Z
689,1.1659000000000002,1.16591,3750000.0,4199999.8093,2018-06-29T12:50:50.791000Z
690,1.1659000000000002,1.16592,3750000.0,2319999.9332,2018-06-29T12:50:50.845000Z
691,1.16589,1.16592,8250000.0,1500000.0,2018-06-29T12:50:51.460000Z
692,1.1659000000000002,1.16592,1000000.0,1570000.0525,2018-06-29T12:50:51.982000Z
693,1.16589,1.16592,1000000.0,7349999.9046,2018-06-29T12:50:52.576000Z
694,1.1659000000000002,1.16592,5619999.8856,1000000.0,2018-06-29T12:50:53.124000Z
695,1.1659000000000002,1.16593,5250000.0,3369999.8856,2018-06-29T12:50:53.735000Z
696,1.1659000000000002,1.16592,1000000.0,1309999.9428,2018-06-29T12:50:54.503000Z
697,1.1659000000000002,1.16593,1500000.0,3069999.9332,2018-06-29T12:50:55.031000Z
698,1.16592,1.16594,2440000.0572,3819999.9332,2018-06-29T12:50:55.121000Z
699,1.16594,1.16598,8619999.8856,2319999.9332,2018-06-29T12:50:55.175000Z
700,1.16596,1.16598,1000000.0,1120000.0048,2018-06-29T12:50:55.330000Z
701,1.1659700000000002,1.1660000000000001,8250000.0,2319999.9332,2018-06-29T12:50:55.925000Z
702,1.16596,1.16599,5250000.0,1570000.0525,2018-06-29T12:50:56.130000Z
703,1.16599,1.16601,1500000.0,4570000.1717,2018-06-29T12:50:56.440000Z
704,1.16599,1.16601,1500000.0,3000000.0,2018-06-29T12:50:57.287000Z
705,1.16598,1.1660000000000001,3750000.0,1000000.0,2018-06-29T12:50:57.963000Z
706,1.16598,1.16601,4500000.0,2700000.0477,2018-06-29T12:50:58.489000Z
707,1.1659700000000002,1.16601,6070000.1717,3450000.0477,2018-06-29T12:50:58.832000Z
708,1.1659700000000002,1.16601,3750000.0,9859999.6567,2018-06-29T12:50:59.370000Z
709,1.16596,1.1660000000000001,8699999.8093,1200000.0477,2018-06-29T12:51:00.948000Z
710,1.16596,1.16598,1870000.0048,2059999.9428,2018-06-29T12:51:02.656000Z
711,1.16598,1.16601,4119999.8856,1000000.0,2018-06-29T12:51:02.914000Z
712,1.1659700000000002,1.1660000000000001,1870000.0048,1000000.0,2018-06-29T12:51:03.418000Z
713,1.1659700000000002,1.1660000000000001,1120000.0048,1100000.0238,2018-06-29T12:51:03.925000Z
714,1.16596,1.1660000000000001,8619999.8856,1000000.0,2018-06-29T12:51:06.222000Z
715,1.16596,1.16598,1000000.0,2619999.8856,2018-06-29T12:51:06.328000Z
716,1.16594,1.16598,6750000.0,1950000.0477,2018-06-29T12:51:06.382000Z
717,1.16594,1.16596,4500000.0,1000000.0,2018-06-29T12:51:06.436000Z
718,1.16595,1.16598,4500000.0,2700000.0477,2018-06-29T12:51:06.701000Z
719,1.16595,1.16599,5059999.9428,5889999.8665,2018-06-29T12:51:07.557000Z
720,1.1659700000000002,1.16599,3369999.8856,2250000.0,2018-06-29T12:51:07.611000Z
721,1.16598,1.16601,2250000.0,4570000.1717,2018-06-29T12:51:08.110000Z
722,1.1659700000000002,1.1660000000000001,3000000.0,3819999.9332,2018-06-29T12:51:08.265000Z
723,1.16595,1.16598,1000000.0,1870000.0048,2018-06-29T12:51:08.370000Z
724,1.16595,1.16598,1000000.0,2319999.9332,2018-06-29T12:51:09.136000Z
725,1.16596,1.16599,1000000.0,4199999.8093,2018-06-29T12:51:09.641000Z
726,1.16596,1.16599,5250000.0,1570000.0525,2018-06-29T12:51:10.167000Z
727,1.16598,1.16601,1500000.0,3819999.9332,2018-06-29T12:51:10.614000Z
728,1.16598,1.16602,3750000.0,1950000.0477,2018-06-29T12:51:11.231000Z
729,1.1659700000000002,1.16599,1000000.0,2470000.0286,2018-06-29T12:51:11.618000Z
730,1.16595,1.16598,3750000.0,1870000.0048,2018-06-29T12:51:11.674000Z
731,1.16594,1.16598,8619999.8856,1200000.0477,2018-06-29T12:51:12.184000Z
732,1.16595,1.16598,1000000.0,2920000.0763,2018-06-29T12:51:12.702000Z
733,1.16595,1.16598,1000000.0,3299999.9523,2018-06-29T12:51:13.474000Z
734,1.16598,1.16599,1500000.0,1200000.0477,2018-06-29T12:51:14.032000Z
735,1.16598,1.16601,1500000.0,3450000.0477,2018-06-29T12:51:14.085000Z
736,1.16598,1.1660000000000001,1000000.0,1000000.0,2018-06-29T12:51:14.799000Z
737,1.16598,1.1660000000000001,1000000.0,1070000.0525,2018-06-29T12:51:15.483000Z
738,1.16598,1.16601,1870000.0048,1950000.0477,2018-06-29T12:51:15.781000Z
739,1.16599,1.16601,3750000.0,1200000.0477,2018-06-29T12:51:17.129000Z
740,1.16598,1.1660000000000001,1500000.0,1000000.0,2018-06-29T12:51:18.444000Z
741,1.16595,1.16598,1000000.0,1580000.0429,2018-06-29T12:51:18.641000Z
742,1.1659700000000002,1.16599,1000000.0,1950000.0477,2018-06-29T12:51:19.007000Z
743,1.1659700000000002,1.1660000000000001,1000000.0,2319999.9332,2018-06-29T12:51:19.547000Z
744,1.1659700000000002,1.16599,1000000.0,1500000.0,2018-06-29T12:51:20.078000Z
745,1.16599,1.16602,6369999.8856,1570000.0525,2018-06-29T12:51:20.417000Z
746,1.1660000000000001,1.16603,1500000.0,3069999.9332,2018-06-29T12:51:20.935000Z
747,1.1660000000000001,1.16603,1000000.0,1570000.0525,2018-06-29T12:51:21.468000Z
748,1.16605,1.16608,3750000.0,1570000.0525,2018-06-29T12:51:21.794000Z
749,1.16604,1.16609,5250000.0,7570000.1717,2018-06-29T12:51:22.323000Z
750,1.16604,1.16608,5699999.8093,1950000.0477,2018-06-29T12:51:22.948000Z
751,1.16609,1.16612,3000000.0,6070000.1717,2018-06-29T12:51:23.258000Z
752,1.16608,1.16612,3559999.9428,4199999.8093,2018-06-29T12:51:23.788000Z
753,1.16609,1.16612,1000000.0,4949999.8093,2018-06-29T12:51:24.355000Z
754,1.16609,1.1661100000000002,1500000.0,1000000.0,2018-06-29T12:51:24.951000Z
755,1.16609,1.16612,1500000.0,3450000.0477,2018-06-29T12:51:25.484000Z
756,1.16605,1.1661000000000001,7269999.9809,2619999.8856,2018-06-29T12:51:25.849000Z
757,1.16603,1.16608,4460000.0381,7610000.1335,2018-06-29T12:51:26.198000Z
758,1.16605,1.16608,1000000.0,5170000.0763,2018-06-29T12:51:26.937000Z
759,1.16604,1.16608,1950000.0477,4010000.2289,2018-06-29T12:51:27.559000Z
760,1.16605,1.16608,1000000.0,5139999.8665,2018-06-29T12:51:28.106000Z
761,1.16604,1.16608,3079999.9237,3259999.9905,2018-06-29T12:51:28.981000Z
762,1.16605,1.16608,1000000.0,4010000.2289,2018-06-29T12:51:29.959000Z
763,1.16604,1.16608,1950000.0477,3069999.9332,2018-06-29T12:51:30.568000Z
764,1.16605,1.16608,1000000.0,3069999.9332,2018-06-29T12:51:31.161000Z
765,1.16604,1.16608,1389999.9857,3259999.9905,2018-06-29T12:51:31.758000Z
766,1.16603,1.16606,4570000.1717,5139999.8665,2018-06-29T12:51:32.327000Z
767,1.16594,1.1659700000000002,1690000.0572,1450000.0477,2018-06-29T12:51:32.667000Z
768,1.16594,1.1659700000000002,1690000.0572,1009999.9905,2018-06-29T12:51:33.200000Z
769,1.16593,1.1659700000000002,3940000.0572,2140000.1049,2018-06-29T12:51:33.708000Z
770,1.16585,1.1658700000000002,1000000.0,4500000.0,2018-06-29T12:51:33.917000Z
771,1.16582,1.16583,3000000.0,1500000.0,2018-06-29T12:51:34.075000Z
772,1.16579,1.16582,3369999.8856,1950000.0477,2018-06-29T12:51:34.141000Z
773,1.1658,1.16582,1690000.0572,2140000.1049,2018-06-29T12:51:34.194000Z
774,1.16584,1.1658600000000001,2440000.0572,1009999.9905,2018-06-29T12:51:34.351000Z
775,1.16584,1.1658700000000002,2440000.0572,2890000.1049,2018-06-29T12:51:34.865000Z
776,1.16585,1.1658700000000002,1690000.0572,1200000.0477,2018-06-29T12:51:35.395000Z
777,1.16584,1.1658700000000002,4869999.8856,2140000.1049,2018-06-29T12:51:35.911000Z
778,1.16584,1.1658700000000002,4690000.0572,1200000.0477,2018-06-29T12:51:35.964000Z
779,1.16585,1.1658700000000002,1250000.0,1200000.0477,2018-06-29T12:51:36.479000Z
780,1.1658700000000002,1.1659000000000002,2809999.9428,4119999.8856,2018-06-29T12:51:36.739000Z
781,1.16585,1.16589,4119999.8856,3069999.9332,2018-06-29T12:51:37.053000Z
782,1.16585,1.16589,2440000.0572,2509999.9905,2018-06-29T12:51:37.598000Z
783,1.16585,1.16589,1250000.0,4760000.2289,2018-06-29T12:51:37.701000Z
784,1.16585,1.1658700000000002,1000000.0,1000000.0,2018-06-29T12:51:37.753000Z
785,1.1658,1.16583,1620000.0048,1389999.9857,2018-06-29T12:51:38.102000Z
786,1.16583,1.16584,1000000.0,1200000.0477,2018-06-29T12:51:38.589000Z
787,1.16584,1.1658600000000001,1250000.0,1570000.0525,2018-06-29T12:51:38.692000Z
788,1.16584,1.1658700000000002,1190000.0572,2140000.1049,2018-06-29T12:51:38.796000Z
789,1.16584,1.16585,2809999.9428,1250000.0,2018-06-29T12:51:39.295000Z
790,1.16583,1.16585,1000000.0,1100000.0238,2018-06-29T12:51:40.630000Z
791,1.16582,1.1658600000000001,5440000.0572,1389999.9857,2018-06-29T12:51:42.258000Z
792,1.16584,1.1658600000000001,2440000.0572,1200000.0477,2018-06-29T12:51:42.760000Z
793,1.16584,1.1658700000000002,3559999.9428,3000000.0,2018-06-29T12:51:42.977000Z
794,1.16588,1.1659000000000002,1000000.0,3069999.9332,2018-06-29T12:51:43.290000Z
795,1.16585,1.16589,2700000.0477,1759999.9905,2018-06-29T12:51:43.445000Z
796,1.16583,1.1658600000000001,4690000.0572,1500000.0,2018-06-29T12:51:43.605000Z
797,1.16581,1.16584,2619999.8856,1100000.0238,2018-06-29T12:51:45.669000Z
798,1.16582,1.16585,1190000.0572,3640000.1049,2018-06-29T12:51:47.391000Z
799,1.16581,1.16585,4500000.0,1570000.0525,2018-06-29T12:51:47.921000Z
800,1.16581,1.16585,5059999.9428,3069999.9332,2018-06-29T12:51:48.026000Z
801,1.16583,1.1658600000000001,2809999.9428,1200000.0477,2018-06-29T12:51:48.184000Z
802,1.16584,1.1658700000000002,1250000.0,3450000.0477,2018-06-29T12:51:48.237000Z
803,1.16584,1.1658700000000002,1250000.0,2319999.9332,2018-06-29T12:51:48.759000Z
804,1.16584,1.1658700000000002,4690000.0572,1500000.0,2018-06-29T12:51:49.413000Z
805,1.16584,1.1658700000000002,4690000.0572,1500000.0,2018-06-29T12:51:49.978000Z
806,1.16584,1.1658700000000002,4010000.2289,1000000.0,2018-06-29T12:51:50.508000Z
807,1.16584,1.1658700000000002,4010000.2289,1100000.0238,2018-06-29T12:51:51.054000Z
808,1.16584,1.1658700000000002,1570000.0525,1100000.0238,2018-06-29T12:51:51.106000Z
809,1.16584,1.1658700000000002,1759999.9905,1200000.0477,2018-06-29T12:51:52.010000Z
810,1.16584,1.1658700000000002,2509999.9905,1950000.0477,2018-06-29T12:51:52.561000Z
811,1.16583,1.1658600000000001,1570000.0525,3069999.9332,2018-06-29T12:51:53.062000Z
812,1.16582,1.16585,2059999.9428,1000000.0,2018-06-29T12:51:53.115000Z
813,1.16584,1.1658700000000002,1500000.0,6300000.1907,2018-06-29T12:51:53.517000Z
814,1.16585,1.1658700000000002,1000000.0,1000000.0,2018-06-29T12:51:54.026000Z
815,1.16585,1.1658700000000002,1000000.0,1870000.0048,2018-06-29T12:51:54.600000Z
816,1.16585,1.1658700000000002,1000000.0,1870000.0048,2018-06-29T12:51:55.435000Z
817,1.16585,1.1658700000000002,1000000.0,1000000.0,2018-06-29T12:51:55.998000Z
818,1.1658600000000001,1.1658700000000002,1000000.0,1120000.0048,2018-06-29T12:51:56.960000Z
819,1.16585,1.1658700000000002,1000000.0,1000000.0,2018-06-29T12:51:57.573000Z
820,1.16584,1.1658700000000002,3190000.0572,1000000.0,2018-06-29T12:51:58.535000Z
821,1.16588,1.16592,6559999.9428,2319999.9332,2018-06-29T12:51:58.836000Z
822,1.16585,1.16589,1000000.0,1200000.0477,2018-06-29T12:51:59.051000Z
823,1.1658700000000002,1.16589,1000000.0,1570000.0525,2018-06-29T12:51:59.259000Z
824,1.1658600000000001,1.1659000000000002,2440000.0572,3450000.0477,2018-06-29T12:52:00.186000Z
825,1.16589,1.16591,2809999.9428,1000000.0,2018-06-29T12:52:00.491000Z
826,1.1658700000000002,1.1659000000000002,3069999.9332,1500000.0,2018-06-29T12:52:00.990000Z
827,1.1658700000000002,1.16588,1500000.0,1000000.0,2018-06-29T12:52:01.043000Z
828,1.1658700000000002,1.1659000000000002,2250000.0,7570000.1717,2018-06-29T12:52:02.940000Z
829,1.16585,1.16589,4869999.8856,2319999.9332,2018-06-29T12:52:03.460000Z
830,1.16585,1.16589,3369999.8856,2700000.0477,2018-06-29T12:52:03.983000Z
831,1.1658600000000001,1.16589,1000000.0,5320000.1717,2018-06-29T12:52:04.532000Z
832,1.16585,1.16589,6369999.8856,2700000.0477,2018-06-29T12:52:05.062000Z
833,1.16585,1.16589,4869999.8856,3450000.0477,2018-06-29T12:52:05.646000Z
834,1.16585,1.16588,1000000.0,1000000.0,2018-06-29T12:52:06.176000Z
835,1.1658600000000001,1.16588,1000000.0,1000000.0,2018-06-29T12:52:07.902000Z
836,1.16584,1.16588,4650000.0954,1200000.0477,2018-06-29T12:52:08.335000Z
837,1.16584,1.16588,2509999.9905,5320000.1717,2018-06-29T12:52:08.881000Z
838,1.16583,1.16585,1000000.0,1000000.0,2018-06-29T12:52:10.135000Z
839,1.16584,1.1658600000000001,1250000.0,1000000.0,2018-06-29T12:52:10.655000Z
840,1.16581,1.16584,1870000.0048,1100000.0238,2018-06-29T12:52:11.021000Z
841,1.16579,1.16582,1500000.0,1000000.0,2018-06-29T12:52:11.274000Z
842,1.16578,1.16582,3559999.9428,1570000.0525,2018-06-29T12:52:11.532000Z
843,1.16579,1.16583,3750000.0,8140000.3433,2018-06-29T12:52:12.084000Z
844,1.1658,1.16583,1000000.0,7389999.8665,2018-06-29T12:52:12.625000Z
845,1.1658,1.16583,1000000.0,7010000.2289,2018-06-29T12:52:13.147000Z
846,1.1658,1.16582,1000000.0,1500000.0,2018-06-29T12:52:13.706000Z
847,1.16578,1.16579,1100000.0238,1120000.0048,2018-06-29T12:52:14.601000Z
848,1.1657700000000002,1.16579,1120000.0048,1720000.0286,2018-06-29T12:52:14.654000Z
849,1.1657600000000001,1.16579,1000000.0,4800000.1907,2018-06-29T12:52:14.707000Z
850,1.16575,1.16579,6369999.8856,5550000.1907,2018-06-29T12:52:14.759000Z
851,1.16575,1.16578,1870000.0048,2140000.1049,2018-06-29T12:52:15.636000Z
852,1.16575,1.1657700000000002,1500000.0,1000000.0,2018-06-29T12:52:16.171000Z
853,1.16579,1.16581,1000000.0,4199999.8093,2018-06-29T12:52:16.980000Z
854,1.16579,1.16581,4010000.2289,3000000.0,2018-06-29T12:52:17.100000Z
855,1.16579,1.16585,15380000.1144,6110000.1335,2018-06-29T12:52:17.154000Z
856,1.1658,1.16583,1000000.0,1500000.0,2018-06-29T12:52:17.678000Z
857,1.16581,1.16583,1000000.0,1690000.0572,2018-06-29T12:52:18.207000Z
858,1.16582,1.16584,4119999.8856,1690000.0572,2018-06-29T12:52:18.366000Z
859,1.16584,1.1658600000000001,1500000.0,1500000.0,2018-06-29T12:52:18.419000Z
860,1.16585,1.1658600000000001,1000000.0,1500000.0,2018-06-29T12:52:18.930000Z
861,1.16583,1.16585,1870000.0048,1250000.0,2018-06-29T12:52:19.038000Z
862,1.16582,1.16585,3819999.9332,1250000.0,2018-06-29T12:52:19.587000Z
863,1.16582,1.16584,1870000.0048,1000000.0,2018-06-29T12:52:20.104000Z
864,1.16583,1.16585,1120000.0048,1690000.0572,2018-06-29T12:52:21.172000Z
865,1.1658600000000001,1.1658700000000002,1000000.0,1250000.0,2018-06-29T12:52:21.502000Z
866,1.1658600000000001,1.16588,1000000.0,1120000.0048,2018-06-29T12:52:22.073000Z
867,1.1658700000000002,1.1659000000000002,5059999.9428,2440000.0572,2018-06-29T12:52:22.488000Z
868,1.16595,1.16598,3000000.0,1250000.0,2018-06-29T12:52:22.832000Z
869,1.16596,1.16598,1120000.0048,1250000.0,2018-06-29T12:52:23.359000Z
870,1.1659700000000002,1.16599,1500000.0,1250000.0,2018-06-29T12:52:23.889000Z
871,1.16596,1.16598,1000000.0,1000000.0,2018-06-29T12:52:24.417000Z
872,1.16595,1.16598,1870000.0048,1000000.0,2018-06-29T12:52:24.983000Z
873,1.16595,1.16599,2619999.8856,2890000.1049,2018-06-29T12:52:25.485000Z
874,1.16595,1.16599,3069999.9332,1950000.0477,2018-06-29T12:52:26.025000Z
875,1.16595,1.1659700000000002,2250000.0,1120000.0048,2018-06-29T12:52:26.081000Z
876,1.16592,1.16595,3190000.0572,1250000.0,2018-06-29T12:52:26.291000Z
877,1.16592,1.16595,1000000.0,4949999.8093,2018-06-29T12:52:26.801000Z
878,1.16591,1.16593,1500000.0,1000000.0,2018-06-29T12:52:27.530000Z
879,1.16592,1.16596,4500000.0,10010000.2289,2018-06-29T12:52:27.770000Z
880,1.16593,1.16596,1870000.0048,1690000.0572,2018-06-29T12:52:27.876000Z
881,1.16593,1.16594,1250000.0,1250000.0,2018-06-29T12:52:28.342000Z
882,1.16592,1.16595,1000000.0,5510000.2289,2018-06-29T12:52:28.889000Z
883,1.16593,1.16596,6190000.0572,4570000.1717,2018-06-29T12:52:29.243000Z
884,1.16594,1.16598,5440000.0572,2509999.9905,2018-06-29T12:52:29.348000Z
885,1.16594,1.16595,1000000.0,1000000.0,2018-06-29T12:52:30.178000Z
886,1.16592,1.16594,1690000.0572,1250000.0,2018-06-29T12:52:30.545000Z
887,1.16593,1.16595,1500000.0,1250000.0,2018-06-29T12:52:31.002000Z
888,1.16592,1.16595,3940000.0572,1690000.0572,2018-06-29T12:52:31.531000Z
889,1.16588,1.16589,1100000.0238,2250000.0,2018-06-29T12:52:31.854000Z
890,1.16584,1.1658600000000001,1500000.0,1120000.0048,2018-06-29T12:52:31.908000Z
891,1.16584,1.1658700000000002,5440000.0572,2890000.1049,2018-06-29T12:52:32.448000Z
892,1.16584,1.1658600000000001,5440000.0572,1250000.0,2018-06-29T12:52:32.552000Z
893,1.16584,1.1658700000000002,5440000.0572,2809999.9428,2018-06-29T12:52:32.605000Z
894,1.16584,1.1658600000000001,3940000.0572,1250000.0,2018-06-29T12:52:32.708000Z
895,1.16585,1.1658700000000002,1120000.0048,1250000.0,2018-06-29T12:52:33.247000Z
896,1.16585,1.16588,1120000.0048,3559999.9428,2018-06-29T12:52:33.810000Z
897,1.16585,1.1658700000000002,1120000.0048,1100000.0238,2018-06-29T12:52:34.352000Z
898,1.16584,1.1658600000000001,4309999.9428,1250000.0,2018-06-29T12:52:35.899000Z
899,1.16585,1.1658700000000002,1120000.0048,1690000.0572,2018-06-29T12:52:36.458000Z
900,1.16585,1.16588,1120000.0048,6260000.2289,2018-06-29T12:52:37.470000Z
901,1.16585,1.1658700000000002,1120000.0048,1250000.0,2018-06-29T12:52:37.971000Z
902,1.16583,1.1658600000000001,3190000.0572,2250000.0,2018-06-29T12:52:42.597000Z
903,1.16582,1.1658600000000001,1500000.0,9640000.3433,2018-06-29T12:52:43.127000Z
904,1.16581,1.16585,3559999.9428,1009999.9905,2018-06-29T12:52:43.574000Z
905,1.16582,1.16585,1000000.0,8699999.8093,2018-06-29T12:52:45.090000Z
906,1.16582,1.16584,1000000.0,1000000.0,2018-06-29T12:52:45.749000Z
907,1.16579,1.16581,4389999.8665,3470000.0286,2018-06-29T12:52:46.806000Z
908,1.1657600000000001,1.1657700000000002,1120000.0048,1000000.0,2018-06-29T12:52:47.045000Z
909,1.16573,1.1657600000000001,7309999.9428,1000000.0,2018-06-29T12:52:47.100000Z
910,1.16575,1.16578,2250000.0,4570000.1717,2018-06-29T12:52:47.208000Z
911,1.16574,1.16578,1870000.0048,1950000.0477,2018-06-29T12:52:47.806000Z
912,1.16572,1.16575,3450000.0477,1000000.0,2018-06-29T12:52:47.859000Z
913,1.16571,1.16575,1870000.0048,3940000.0572,2018-06-29T12:52:48.018000Z
914,1.16572,1.1657600000000001,2250000.0,12939999.5804,2018-06-29T12:52:48.416000Z
915,1.1657600000000001,1.16578,1000000.0,3069999.9332,2018-06-29T12:52:48.469000Z
916,1.16578,1.1658,1000000.0,3190000.0572,2018-06-29T12:52:48.834000Z
917,1.1658,1.16583,1450000.0477,1000000.0,2018-06-29T12:52:48.886000Z
918,1.16584,1.1658700000000002,2250000.0,7949999.8093,2018-06-29T12:52:49.165000Z
919,1.16582,1.16584,1120000.0048,1000000.0,2018-06-29T12:52:49.484000Z
920,1.1658,1.16584,1000000.0,3750000.0,2018-06-29T12:52:49.657000Z
921,1.1658,1.16583,1950000.0477,1000000.0,2018-06-29T12:52:50.162000Z
922,1.16581,1.16582,1000000.0,1000000.0,2018-06-29T12:52:53.038000Z
923,1.1658,1.16583,1500000.0,3750000.0,2018-06-29T12:52:53.589000Z
924,1.1658,1.16583,3000000.0,2250000.0,2018-06-29T12:52:54.111000Z
925,1.16581,1.16583,1500000.0,1500000.0,2018-06-29T12:52:54.673000Z
926,1.16581,1.16584,1000000.0,2059999.9428,2018-06-29T12:52:55.247000Z
927,1.16581,1.16583,1500000.0,1000000.0,2018-06-29T12:52:57.151000Z
928,1.16581,1.16584,1000000.0,2059999.9428,2018-06-29T12:52:57.747000Z
929,1.16581,1.16583,1500000.0,1500000.0,2018-06-29T12:52:58.254000Z
930,1.16581,1.16584,1309999.9428,1000000.0,2018-06-29T12:52:59.552000Z
931,1.16583,1.16585,3559999.9428,1000000.0,2018-06-29T12:52:59.864000Z
932,1.16584,1.16588,2250000.0,2250000.0,2018-06-29T12:52:59.918000Z
933,1.16584,1.16589,2319999.9332,7949999.8093,2018-06-29T12:53:00.701000Z
934,1.16585,1.16588,1200000.0477,1000000.0,2018-06-29T12:53:01.236000Z
935,1.16585,1.16589,1389999.9857,1870000.0048,2018-06-29T12:53:03.033000Z
936,1.16588,1.16589,1000000.0,2809999.9428,2018-06-29T12:53:03.140000Z
937,1.1659000000000002,1.16593,1000000.0,6369999.8856,2018-06-29T12:53:03.534000Z
938,1.16588,1.1659000000000002,1500000.0,1000000.0,2018-06-29T12:53:03.640000Z
939,1.16585,1.16589,1120000.0048,6750000.0,2018-06-29T12:53:03.850000Z
940,1.16584,1.1658700000000002,1870000.0048,1000000.0,2018-06-29T12:53:04.480000Z
941,1.16584,1.1658700000000002,1120000.0048,5320000.1717,2018-06-29T12:53:04.533000Z
942,1.16584,1.16588,3369999.8856,5059999.9428,2018-06-29T12:53:04.942000Z
943,1.16584,1.16588,3450000.0477,1000000.0,2018-06-29T12:53:05.547000Z
944,1.16584,1.16588,2250000.0,3000000.0,2018-06-29T12:53:06.190000Z
945,1.16583,1.16588,9449999.8093,3000000.0,2018-06-29T12:53:06.714000Z
946,1.16584,1.1658700000000002,2250000.0,1000000.0,2018-06-29T12:53:07.242000Z
947,1.16583,1.1658600000000001,4570000.1717,1470000.0286,2018-06-29T12:53:08.686000Z
948,1.16583,1.1658700000000002,2319999.9332,2319999.9332,2018-06-29T12:53:09.135000Z
949,1.16583,1.1658700000000002,3259999.9905,1389999.9857,2018-06-29T12:53:09.915000Z
950,1.16583,1.1658700000000002,6260000.2289,1690000.0572,2018-06-29T12:53:10.466000Z
951,1.16583,1.1658700000000002,11140000.3433,1250000.0,2018-06-29T12:53:11.017000Z
952,1.16584,1.16588,7090000.1526,2059999.9428,2018-06-29T12:53:11.551000Z
953,1.1658700000000002,1.16589,1120000.0048,5889999.8665,2018-06-29T12:53:11.755000Z
954,1.16588,1.16592,7869999.8856,9750000.0,2018-06-29T12:53:12.192000Z
955,1.16589,1.16593,6190000.0572,2809999.9428,2018-06-29T12:53:12.294000Z
956,1.1658600000000001,1.16589,1570000.0525,1500000.0,2018-06-29T12:53:12.546000Z
957,1.16585,1.16588,3819999.9332,1000000.0,2018-06-29T12:53:13.128000Z
958,1.1658600000000001,1.16588,1500000.0,1000000.0,2018-06-29T12:53:13.852000Z
959,1.16588,1.16589,3940000.0572,1250000.0,2018-06-29T12:53:14.281000Z
960,1.16589,1.16591,1009999.9905,1309999.9428,2018-06-29T12:53:14.334000Z
961,1.1659000000000002,1.16593,2440000.0572,4760000.2289,2018-06-29T12:53:14.386000Z
962,1.16593,1.16594,1500000.0,1120000.0048,2018-06-29T12:53:14.542000Z
963,1.16591,1.16593,5619999.8856,1000000.0,2018-06-29T12:53:14.594000Z
964,1.16588,1.16591,3819999.9332,1309999.9428,2018-06-29T12:53:14.869000Z
965,1.1658700000000002,1.16591,3069999.9332,7690000.0572,2018-06-29T12:53:15.078000Z
966,1.1658600000000001,1.16588,3450000.0477,4500000.0,2018-06-29T12:53:15.186000Z
967,1.16585,1.1658700000000002,1000000.0,2619999.8856,2018-06-29T12:53:15.293000Z
968,1.16584,1.16588,2700000.0477,2809999.9428,2018-06-29T12:53:15.801000Z
969,1.16584,1.1658700000000002,1200000.0477,6190000.0572,2018-06-29T12:53:16.337000Z
970,1.16584,1.1658700000000002,1200000.0477,6000000.0,2018-06-29T12:53:16.882000Z
971,1.16583,1.16585,1000000.0,4309999.9428,2018-06-29T12:53:16.987000Z
972,1.1658,1.16581,1500000.0,1250000.0,2018-06-29T12:53:17.326000Z
973,1.1657700000000002,1.16579,2700000.0477,1690000.0572,2018-06-29T12:53:17.735000Z
974,1.1657700000000002,1.16578,2059999.9428,3940000.0572,2018-06-29T12:53:18.247000Z
975,1.16579,1.16582,3190000.0572,2440000.0572,2018-06-29T12:53:18.661000Z
976,1.1658,1.16582,1000000.0,1250000.0,2018-06-29T12:53:19.198000Z
977,1.1658,1.16582,2809999.9428,1250000.0,2018-06-29T12:53:20.715000Z
978,1.16583,1.16585,1870000.0048,2809999.9428,2018-06-29T12:53:20.767000Z
979,1.16583,1.1658600000000001,5320000.1717,5440000.0572,2018-06-29T12:53:21.290000Z
980,1.16583,1.1658600000000001,6449999.8093,3750000.0,2018-06-29T12:53:23.092000Z
981,1.16582,1.16584,1100000.0238,1250000.0,2018-06-29T12:53:23.621000Z
982,1.16578,1.16582,4389999.8665,6190000.0572,2018-06-29T12:53:23.982000Z
983,1.16579,1.16581,2059999.9428,1309999.9428,2018-06-29T12:53:24.727000Z
984,1.16579,1.16582,2059999.9428,6190000.0572,2018-06-29T12:53:25.304000Z
985,1.16579,1.16581,2140000.1049,1309999.9428,2018-06-29T12:53:27.028000Z
986,1.16583,1.16584,1000000.0,3750000.0,2018-06-29T12:53:27.343000Z
987,1.16584,1.1658700000000002,1690000.0572,2059999.9428,2018-06-29T12:53:27.545000Z
988,1.1658600000000001,1.16589,2250000.0,5059999.9428,2018-06-29T12:53:27.770000Z
989,1.1658600000000001,1.1659000000000002,2619999.8856,4309999.9428,2018-06-29T12:53:28.272000Z
990,1.16584,1.1658700000000002,1500000.0,1500000.0,2018-06-29T12:53:28.587000Z
991,1.16584,1.16585,1000000.0,1250000.0,2018-06-29T12:53:28.944000Z
992,1.16584,1.1658600000000001,1000000.0,6940000.0572,2018-06-29T12:53:29.791000Z
993,1.16581,1.16584,1200000.0477,6750000.0,2018-06-29T12:53:30.283000Z
994,1.16581,1.16583,1000000.0,3000000.0,2018-06-29T12:53:30.337000Z
995,1.1658,1.16582,1120000.0048,1500000.0,2018-06-29T12:53:30.390000Z
996,1.1658,1.16583,2059999.9428,1690000.0572,2018-06-29T12:53:30.994000Z
997,1.16583,1.16585,2619999.8856,3750000.0,2018-06-29T12:53:31.212000Z
998,1.16585,1.16588,2809999.9428,8060000.4196,2018-06-29T12:53:31.273000Z
999,1.16585,1.16588,2809999.9428,6260000.2289,2018-06-29T12:53:32.017000Z
1000,1.1658700000000002,1.16591,1870000.0048,10869999.8856,2018-06-29T12:53:32.069000Z
1001,1.1658600000000001,1.16589,1570000.0525,1000000.0,2018-06-29T12:53:32.121000Z
1002,1.16585,1.16588,1120000.0048,4690000.0572,2018-06-29T12:53:32.670000Z
1003,1.16584,1.1658700000000002,2890000.1049,1250000.0,2018-06-29T12:53:33.975000Z
1004,1.16584,1.16588,2700000.0477,2809999.9428,2018-06-29T12:53:34.638000Z
1005,1.16585,1.16589,7130000.1144,6940000.0572,2018-06-29T12:53:35.325000Z
1006,1.16589,1.16591,1120000.0048,3750000.0,2018-06-29T12:53:35.641000Z
1007,1.1658700000000002,1.1659000000000002,1120000.0048,1120000.0048,2018-06-29T12:53:35.955000Z
1008,1.1658600000000001,1.16588,1950000.0477,4500000.0,2018-06-29T12:53:36.121000Z
1009,1.16585,1.1658700000000002,1500000.0,2619999.8856,2018-06-29T12:53:36.226000Z
1010,1.16584,1.1658700000000002,1250000.0,3559999.9428,2018-06-29T12:53:36.897000Z
1011,1.16585,1.1658700000000002,2059999.9428,1250000.0,2018-06-29T12:53:37.158000Z
1012,1.1658600000000001,1.16589,1250000.0,6190000.0572,2018-06-29T12:53:37.520000Z
1013,1.1658600000000001,1.16588,2059999.9428,1250000.0,2018-06-29T12:53:38.029000Z
1014,1.16585,1.16588,1950000.0477,1000000.0,2018-06-29T12:53:39Z
1015,1.16584,1.1658700000000002,1120000.0048,2809999.9428,2018-06-29T12:53:39.518000Z
1016,1.1658600000000001,1.16588,1000000.0,4500000.0,2018-06-29T12:53:39.810000Z
1017,1.16584,1.1658700000000002,1870000.0048,3750000.0,2018-06-29T12:53:40.527000Z
1018,1.16583,1.1658600000000001,1000000.0,5440000.0572,2018-06-29T12:53:41.359000Z
1019,1.16583,1.16585,1000000.0,1250000.0,2018-06-29T12:53:43.425000Z
1020,1.16583,1.1658600000000001,1000000.0,5440000.0572,2018-06-29T12:53:43.942000Z
1021,1.16583,1.16585,1000000.0,3750000.0,2018-06-29T12:53:44.949000Z
1022,1.16583,1.16584,1000000.0,4500000.0,2018-06-29T12:53:45.893000Z
1023,1.16583,1.1658600000000001,4760000.2289,2440000.0572,2018-06-29T12:53:46.102000Z
1024,1.16583,1.1658600000000001,2440000.0572,2440000.0572,2018-06-29T12:53:46.687000Z
1025,1.16583,1.1658600000000001,2509999.9905,2440000.0572,2018-06-29T12:53:47.209000Z
1026,1.16583,1.1658600000000001,2509999.9905,1000000.0,2018-06-29T12:53:47.884000Z
1027,1.16583,1.16585,1870000.0048,3750000.0,2018-06-29T12:53:48.990000Z
1028,1.1658,1.16582,3369999.8856,1000000.0,2018-06-29T12:53:49.148000Z
1029,1.16578,1.16582,7949999.8093,1000000.0,2018-06-29T12:53:49.200000Z
1030,1.16581,1.16583,2250000.0,1100000.0238,2018-06-29T12:53:49.619000Z
1031,1.16581,1.16583,2809999.9428,1250000.0,2018-06-29T12:53:50.130000Z
1032,1.16581,1.16584,1950000.0477,6190000.0572,2018-06-29T12:53:50.941000Z
1033,1.16581,1.16583,2890000.1049,1690000.0572,2018-06-29T12:53:51.550000Z
1034,1.16581,1.16584,1200000.0477,7690000.0572,2018-06-29T12:53:52.217000Z
1035,1.16582,1.16584,2250000.0,1690000.0572,2018-06-29T12:53:52.664000Z
1036,1.16584,1.1658600000000001,1120000.0048,5250000.0,2018-06-29T12:53:52.768000Z
1037,1.16584,1.1658600000000001,1309999.9428,2750000.0,2018-06-29T12:53:53.764000Z
1038,1.16584,1.1658600000000001,1120000.0048,1250000.0,2018-06-29T12:53:54.415000Z
1039,1.16584,1.1658600000000001,1309999.9428,2750000.0,2018-06-29T12:53:56.893000Z
1040,1.16584,1.1658600000000001,1309999.9428,1250000.0,2018-06-29T12:53:57.854000Z
1041,1.16583,1.16585,2250000.0,7869999.8856,2018-06-29T12:54:00.093000Z
1042,1.1658,1.16583,1500000.0,6190000.0572,2018-06-29T12:54:00.147000Z
1043,1.1658,1.16583,1120000.0048,7010000.2289,2018-06-29T12:54:01.037000Z
1044,1.1658,1.16582,1120000.0048,3940000.0572,2018-06-29T12:54:01.572000Z
1045,1.16578,1.16579,1500000.0,1870000.0048,2018-06-29T12:54:01.897000Z
1046,1.16575,1.16578,1250000.0,4539999.9619,2018-06-29T12:54:02.116000Z
1047,1.16575,1.1657600000000001,1000000.0,1000000.0,2018-06-29T12:54:03.561000Z
1048,1.16575,1.1657700000000002,1000000.0,6940000.0572,2018-06-29T12:54:04.849000Z
1049,1.16573,1.16574,1500000.0,1250000.0,2018-06-29T12:54:05.341000Z
1050,1.16571,1.16573,1500000.0,1500000.0,2018-06-29T12:54:05.395000Z
1051,1.1657,1.16573,3369999.8856,2250000.0,2018-06-29T12:54:06.045000Z
1052,1.16571,1.16574,1000000.0,1500000.0,2018-06-29T12:54:06.803000Z
1053,1.1657,1.16574,1870000.0048,1690000.0572,2018-06-29T12:54:07.403000Z
1054,1.1657,1.16573,1000000.0,2140000.1049,2018-06-29T12:54:07.664000Z
1055,1.16578,1.16581,2099999.9046,1000000.0,2018-06-29T12:54:07.915000Z
1056,1.16578,1.16584,2440000.0572,11510000.2289,2018-06-29T12:54:08.093000Z
1057,1.16579,1.16582,3559999.9428,1250000.0,2018-06-29T12:54:08.637000Z
1058,1.16579,1.16583,4500000.0,5510000.2289,2018-06-29T12:54:09.147000Z
1059,1.16578,1.1658,3000000.0,3750000.0,2018-06-29T12:54:09.304000Z
1060,1.16573,1.1657600000000001,1309999.9428,5809999.9428,2018-06-29T12:54:09.462000Z
1061,1.16573,1.1657600000000001,2059999.9428,5440000.0572,2018-06-29T12:54:10.052000Z
1062,1.16571,1.16575,4869999.8856,1500000.0,2018-06-29T12:54:10.742000Z
1063,1.1657,1.16572,1500000.0,1250000.0,2018-06-29T12:54:10.795000Z
1064,1.16568,1.16571,1120000.0048,4119999.8856,2018-06-29T12:54:11.104000Z
1065,1.1656600000000001,1.1656900000000001,1100000.0238,1250000.0,2018-06-29T12:54:11.157000Z
1066,1.16565,1.1656900000000001,1250000.0,2890000.1049,2018-06-29T12:54:11.699000Z
1067,1.16563,1.1656700000000002,2470000.0286,1500000.0,2018-06-29T12:54:12.352000Z
1068,1.16563,1.1656700000000002,7309999.9428,1570000.0525,2018-06-29T12:54:12.886000Z
1069,1.16564,1.1656700000000002,1190000.0572,5440000.0572,2018-06-29T12:54:13.436000Z
1070,1.16564,1.1656700000000002,1250000.0,3750000.0,2018-06-29T12:54:14.536000Z
1071,1.16563,1.1656700000000002,5059999.9428,5699999.8093,2018-06-29T12:54:15.088000Z
1072,1.16561,1.16565,1759999.9905,2440000.0572,2018-06-29T12:54:15.192000Z
1073,1.1655900000000001,1.16562,1570000.0525,5250000.0,2018-06-29T12:54:15.473000Z
1074,1.1655900000000001,1.16561,1309999.9428,4690000.0572,2018-06-29T12:54:16.215000Z
1075,1.16561,1.16563,1190000.0572,1269999.9809,2018-06-29T12:54:16.626000Z
1076,1.1656,1.16564,4949999.8093,1570000.0525,2018-06-29T12:54:16.679000Z
1077,1.1655900000000001,1.16562,2319999.9332,5250000.0,2018-06-29T12:54:16.783000Z
1078,1.1655900000000001,1.16563,2890000.1049,1309999.9428,2018-06-29T12:54:17.128000Z
1079,1.1655900000000001,1.16564,1759999.9905,7760000.2289,2018-06-29T12:54:17.706000Z
1080,1.1655900000000001,1.16563,2319999.9332,2059999.9428,2018-06-29T12:54:18.289000Z
1081,1.1655900000000001,1.16564,1289999.9619,5809999.9428,2018-06-29T12:54:18.812000Z
1082,1.1655900000000001,1.16563,2890000.1049,7309999.9428,2018-06-29T12:54:19.683000Z
1083,1.16563,1.1656600000000001,2809999.9428,6190000.0572,2018-06-29T12:54:19.997000Z
1084,1.16564,1.1656600000000001,1309999.9428,3750000.0,2018-06-29T12:54:20.510000Z
1085,1.16564,1.16565,1000000.0,1500000.0,2018-06-29T12:54:21.182000Z
1086,1.16561,1.16564,1500000.0,1200000.0477,2018-06-29T12:54:21.234000Z
1087,1.16561,1.16564,1190000.0572,1200000.0477,2018-06-29T12:54:21.388000Z
1088,1.16561,1.16564,1250000.0,1200000.0477,2018-06-29T12:54:21.867000Z
1089,1.16561,1.16564,2440000.0572,1200000.0477,2018-06-29T12:54:22.460000Z
1090,1.16561,1.16564,1309999.9428,1200000.0477,2018-06-29T12:54:24.767000Z
1091,1.1656,1.16563,1690000.0572,1190000.0572,2018-06-29T12:54:26.707000Z
1092,1.1655900000000001,1.16561,1120000.0048,1500000.0,2018-06-29T12:54:27.217000Z
1093,1.16558,1.1656,3190000.0572,1870000.0048,2018-06-29T12:54:27.750000Z
1094,1.1655900000000001,1.16561,1120000.0048,3000000.0,2018-06-29T12:54:28.363000Z
1095,1.1655700000000002,1.1656,3369999.8856,1500000.0,2018-06-29T12:54:28.627000Z
1096,1.16558,1.1656,1309999.9428,2440000.0572,2018-06-29T12:54:28.680000Z
1097,1.1655700000000002,1.1655900000000001,1120000.0048,3940000.0572,2018-06-29T12:54:28.786000Z
1098,1.1655700000000002,1.1656,1309999.9428,5440000.0572,2018-06-29T12:54:29.173000Z
1099,1.16558,1.16561,2809999.9428,1389999.9857,2018-06-29T12:54:29.332000Z
1100,1.16558,1.1656,2440000.0572,1500000.0,2018-06-29T12:54:30.198000Z
1101,1.16558,1.16561,3190000.0572,1500000.0,2018-06-29T12:54:30.706000Z
1102,1.16558,1.1656,3559999.9428,2250000.0,2018-06-29T12:54:31.760000Z
1103,1.16558,1.16561,3190000.0572,2619999.8856,2018-06-29T12:54:32.340000Z
1104,1.16558,1.1656,5809999.9428,2250000.0,2018-06-29T12:54:33.096000Z
1105,1.16558,1.1656,1120000.0048,6639999.8665,2018-06-29T12:54:33.663000Z
1106,1.1655600000000002,1.1655900000000001,1250000.0,3450000.0477,2018-06-29T12:54:33.843000Z
1107,1.16555,1.1655900000000001,4690000.0572,2890000.1049,2018-06-29T12:54:34.594000Z
1108,1.16555,1.16558,6190000.0572,1950000.0477,2018-06-29T12:54:35.168000Z
1109,1.16555,1.16558,5250000.0,1950000.0477,2018-06-29T12:54:35.688000Z
1110,1.16555,1.16558,4119999.8856,4199999.8093,2018-06-29T12:54:36.221000Z
1111,1.16555,1.1655900000000001,6940000.0572,1570000.0525,2018-06-29T12:54:37.169000Z
1112,1.16558,1.1656,2059999.9428,3819999.9332,2018-06-29T12:54:37.301000Z
1113,1.16558,1.1656,6940000.0572,3750000.0,2018-06-29T12:54:37.846000Z
1114,1.1655900000000001,1.16561,1190000.0572,3819999.9332,2018-06-29T12:54:38.446000Z
1115,1.16558,1.16562,4309999.9428,1200000.0477,2018-06-29T12:54:38.973000Z
1116,1.16558,1.16563,3559999.9428,5510000.2289,2018-06-29T12:54:39.580000Z
1117,1.1655700000000002,1.1656,3069999.9332,6559999.9428,2018-06-29T12:54:39.886000Z
1118,1.16555,1.1655900000000001,1500000.0,11510000.2289,2018-06-29T12:54:39.939000Z
1119,1.1655600000000002,1.16558,1000000.0,6449999.8093,2018-06-29T12:54:40.513000Z
1120,1.16555,1.16558,1500000.0,1950000.0477,2018-06-29T12:54:41.727000Z
1121,1.16554,1.1655900000000001,5250000.0,12449999.8093,2018-06-29T12:54:42.236000Z
1122,1.16554,1.1655900000000001,6750000.0,12819999.6948,2018-06-29T12:54:42.822000Z
1123,1.1655600000000002,1.16558,1690000.0572,1950000.0477,2018-06-29T12:54:45.636000Z
1124,1.16558,1.1656,3190000.0572,1690000.0572,2018-06-29T12:54:45.741000Z
1125,1.1655700000000002,1.16561,3750000.0,10270000.4578,2018-06-29T12:54:45.898000Z
1126,1.1655700000000002,1.1656,1870000.0048,3450000.0477,2018-06-29T12:54:46.418000Z
1127,1.1655700000000002,1.1656,1309999.9428,4389999.8665,2018-06-29T12:54:47.090000Z
1128,1.16558,1.16561,5809999.9428,7460000.0381,2018-06-29T12:54:47.468000Z
1129,1.1655900000000001,1.1656,1309999.9428,1200000.0477,2018-06-29T12:54:49.446000Z
1130,1.1655900000000001,1.16563,2440000.0572,6940000.0572,2018-06-29T12:54:50.022000Z
1131,1.1656,1.16563,2440000.0572,3450000.0477,2018-06-29T12:54:50.569000Z
1132,1.16563,1.16565,2059999.9428,7119999.8856,2018-06-29T12:54:54.697000Z
1133,1.16564,1.1656600000000001,2440000.0572,1500000.0,2018-06-29T12:54:54.927000Z
1134,1.1656600000000001,1.16568,1500000.0,6820000.1717,2018-06-29T12:54:55.135000Z
1135,1.1656900000000001,1.16572,2700000.0477,1200000.0477,2018-06-29T12:54:55.705000Z
1136,1.16568,1.1656900000000001,1000000.0,1000000.0,2018-06-29T12:54:56.175000Z
1137,1.1656700000000002,1.1656900000000001,1299999.9523,1950000.0477,2018-06-29T12:54:56.278000Z
1138,1.16565,1.1656900000000001,3750000.0,3450000.0477,2018-06-29T12:54:57.856000Z
1139,1.16565,1.1656600000000001,1000000.0,1950000.0477,2018-06-29T12:54:58.011000Z
1140,1.1655900000000001,1.16562,4119999.8856,1120000.0048,2018-06-29T12:54:58.276000Z
1141,1.1655900000000001,1.16563,2440000.0572,10760000.2289,2018-06-29T12:54:58.833000Z
1142,1.1655900000000001,1.16562,1690000.0572,6639999.8665,2018-06-29T12:54:59.062000Z
1143,1.16561,1.16562,1000000.0,4010000.2289,2018-06-29T12:54:59.164000Z
1144,1.16558,1.16561,3930000.0668,1690000.0572,2018-06-29T12:54:59.625000Z
1145,1.16558,1.1656,3559999.9428,1000000.0,2018-06-29T12:55:00.154000Z
1146,1.1655600000000002,1.1656,7500000.0,9369999.8856,2018-06-29T12:55:00.943000Z
1147,1.1655600000000002,1.16558,1500000.0,7420000.0763,2018-06-29T12:55:00.998000Z
1148,1.1655900000000001,1.16561,1690000.0572,4500000.0,2018-06-29T12:55:01.173000Z
1149,1.16561,1.16563,1309999.9428,9640000.3433,2018-06-29T12:55:01.327000Z
1150,1.16563,1.1656600000000001,3559999.9428,1250000.0,2018-06-29T12:55:01.381000Z
1151,1.16564,1.16565,1000000.0,1200000.0477,2018-06-29T12:55:03.763000Z
1152,1.16562,1.16565,2440000.0572,1950000.0477,2018-06-29T12:55:04.283000Z
1153,1.16562,1.16565,1500000.0,1200000.0477,2018-06-29T12:55:07.455000Z
1154,1.16561,1.16565,4690000.0572,1100000.0238,2018-06-29T12:55:08.002000Z
1155,1.16561,1.16564,1500000.0,6449999.8093,2018-06-29T12:55:08.331000Z
1156,1.1655900000000001,1.16561,3940000.0572,1000000.0,2018-06-29T12:55:08.385000Z
1157,1.1656,1.16563,1000000.0,7949999.8093,2018-06-29T12:55:08.596000Z
1158,1.1656,1.16564,2440000.0572,3069999.9332,2018-06-29T12:55:09.055000Z
1159,1.16561,1.16563,1000000.0,5139999.8665,2018-06-29T12:55:09.770000Z
1160,1.16561,1.16563,1000000.0,4949999.8093,2018-06-29T12:55:10.311000Z
1161,1.16561,1.16563,1000000.0,7199999.8093,2018-06-29T12:55:10.854000Z
1162,1.16563,1.1656600000000001,2440000.0572,5889999.8665,2018-06-29T12:55:11.166000Z
1163,1.16563,1.1656600000000001,2809999.9428,6190000.0572,2018-06-29T12:55:11.761000Z
1164,1.16563,1.1656600000000001,5619999.8856,5440000.0572,2018-06-29T12:55:12.071000Z
1165,1.1655900000000001,1.1656,5619999.8856,2849999.9046,2018-06-29T12:55:12.832000Z
1166,1.1655700000000002,1.1655900000000001,1000000.0,1870000.0048,2018-06-29T12:55:12.886000Z
1167,1.16555,1.1655700000000002,3750000.0,1000000.0,2018-06-29T12:55:13.144000Z
1168,1.16555,1.16558,1690000.0572,2619999.8856,2018-06-29T12:55:14.589000Z
1169,1.1655700000000002,1.1655900000000001,2099999.9046,1200000.0477,2018-06-29T12:55:16.278000Z
1170,1.16561,1.16565,2220000.0286,4199999.8093,2018-06-29T12:55:16.332000Z
1171,1.16562,1.16565,1750000.0,1200000.0477,2018-06-29T12:55:16.385000Z
1172,1.16561,1.16563,1200000.0477,1000000.0,2018-06-29T12:55:16.439000Z
1173,1.1656,1.16561,1870000.0048,1500000.0,2018-06-29T12:55:16.491000Z
1174,1.16558,1.1656,4119999.8856,1000000.0,2018-06-29T12:55:16.617000Z
1175,1.16558,1.1656,1950000.0477,1000000.0,2018-06-29T12:55:17.182000Z
1176,1.16555,1.1655900000000001,8319999.6948,3599999.9046,2018-06-29T12:55:17.633000Z
1177,1.16554,1.1655600000000002,2319999.9332,1500000.0,2018-06-29T12:55:17.735000Z
1178,1.16554,1.1655700000000002,1759999.9905,3190000.0572,2018-06-29T12:55:17.889000Z
1179,1.16554,1.1655600000000002,2140000.1049,1000000.0,2018-06-29T12:55:18.394000Z
1180,1.1655700000000002,1.1655900000000001,1500000.0,8510000.2289,2018-06-29T12:55:20.809000Z
1181,1.16558,1.16562,2619999.8856,3190000.0572,2018-06-29T12:55:21.008000Z
1182,1.16558,1.16562,3940000.0572,5440000.0572,2018-06-29T12:55:21.114000Z
1183,1.16558,1.16561,3940000.0572,1000000.0,2018-06-29T12:55:21.663000Z
1184,1.16558,1.16561,4309999.9428,1000000.0,2018-06-29T12:55:22.224000Z
1185,1.16558,1.16562,4309999.9428,3940000.0572,2018-06-29T12:55:22.753000Z
1186,1.16563,1.16565,1000000.0,7949999.8093,2018-06-29T12:55:23.075000Z
1187,1.1656600000000001,1.16568,1000000.0,1000000.0,2018-06-29T12:55:23.390000Z
1188,1.1656900000000001,1.1657,1120000.0048,7760000.2289,2018-06-29T12:55:23.547000Z
1189,1.1657,1.16573,2250000.0,5250000.0,2018-06-29T12:55:23.753000Z
1190,1.16571,1.16574,1500000.0,2319999.9332,2018-06-29T12:55:26.618000Z
1191,1.1657,1.16573,1870000.0048,1100000.0238,2018-06-29T12:55:26.983000Z
1192,1.1657,1.16572,1120000.0048,1200000.0477,2018-06-29T12:55:27.983000Z
1193,1.16568,1.16572,1120000.0048,2099999.9046,2018-06-29T12:55:28.037000Z
1194,1.1657,1.16572,3190000.0572,1000000.0,2018-06-29T12:55:28.185000Z
1195,1.16571,1.16574,2440000.0572,1200000.0477,2018-06-29T12:55:28.290000Z
1196,1.16572,1.16575,1309999.9428,3000000.0,2018-06-29T12:55:29.857000Z
1197,1.16572,1.16575,3000000.0,2700000.0477,2018-06-29T12:55:30.994000Z
1198,1.16574,1.1657700000000002,2809999.9428,3819999.9332,2018-06-29T12:55:31.679000Z
1199,1.16574,1.16578,9939999.5804,1120000.0048,2018-06-29T12:55:32.200000Z
1200,1.16575,1.16579,3190000.0572,2319999.9332,2018-06-29T12:55:32.733000Z
1201,1.16575,1.16578,2440000.0572,2250000.0,2018-06-29T12:55:33.241000Z
1202,1.16578,1.16579,2250000.0,1200000.0477,2018-06-29T12:55:34.764000Z
1203,1.16582,1.16585,2250000.0,3000000.0,2018-06-29T12:55:34.921000Z
1204,1.16581,1.16585,1950000.0477,6110000.1335,2018-06-29T12:55:35.103000Z
1205,1.1658,1.16583,3369999.8856,1950000.0477,2018-06-29T12:55:35.206000Z
1206,1.16581,1.16585,2250000.0,3450000.0477,2018-06-29T12:55:40.581000Z
1207,1.16582,1.16585,1000000.0,7199999.8093,2018-06-29T12:55:41.257000Z
1208,1.16581,1.16584,2619999.8856,1570000.0525,2018-06-29T12:55:41.779000Z
1209,1.1658,1.16584,1570000.0525,2700000.0477,2018-06-29T12:55:43.279000Z
1210,1.1658,1.16584,1309999.9428,3259999.9905,2018-06-29T12:55:45.868000Z
1211,1.16579,1.16581,3069999.9332,2619999.8856,2018-06-29T12:55:46.621000Z
1212,1.16572,1.16574,4000000.0,1500000.0,2018-06-29T12:55:46.972000Z
1213,1.16571,1.16574,1120000.0048,1500000.0,2018-06-29T12:55:47.077000Z
1214,1.16571,1.16574,4760000.2289,1000000.0,2018-06-29T12:55:47.580000Z
1215,1.16572,1.16574,1190000.0572,1000000.0,2018-06-29T12:55:48.101000Z
1216,1.16572,1.16574,1000000.0,1000000.0,2018-06-29T12:55:48.617000Z
1217,1.16572,1.16574,1190000.0572,1000000.0,2018-06-29T12:55:50.035000Z
1218,1.16571,1.16574,2809999.9428,1000000.0,2018-06-29T12:55:50.537000Z
1219,1.16573,1.16574,1000000.0,1000000.0,2018-06-29T12:55:52.611000Z
1220,1.16572,1.16574,1000000.0,1000000.0,2018-06-29T12:55:53.159000Z
1221,1.16573,1.16574,1000000.0,1000000.0,2018-06-29T12:55:55.757000Z
1222,1.16572,1.16574,1000000.0,1100000.0238,2018-06-29T12:55:56.275000Z
1223,1.16571,1.16574,1120000.0048,1100000.0238,2018-06-29T12:55:57.427000Z
1224,1.16571,1.16573,1870000.0048,1000000.0,2018-06-29T12:55:58.883000Z
1225,1.16571,1.16574,1120000.0048,3819999.9332,2018-06-29T12:55:59.475000Z
1226,1.16571,1.16572,1500000.0,1000000.0,2018-06-29T12:55:59.528000Z
1227,1.16562,1.16564,1000000.0,1250000.0,2018-06-29T12:55:59.755000Z
1228,1.16563,1.16565,2619999.8856,1250000.0,2018-06-29T12:55:59.866000Z
1229,1.1655900000000001,1.16562,4119999.8856,1000000.0,2018-06-29T12:55:59.973000Z
1230,1.16558,1.1656,1500000.0,1000000.0,2018-06-29T12:56:00.031000Z
1231,1.1655600000000002,1.1655900000000001,1570000.0525,1500000.0,2018-06-29T12:56:00.086000Z
1232,1.1655900000000001,1.16562,1000000.0,2700000.0477,2018-06-29T12:56:00.339000Z
1233,1.1655900000000001,1.16563,1870000.0048,2250000.0,2018-06-29T12:56:00.549000Z
1234,1.1656,1.16563,1000000.0,2250000.0,2018-06-29T12:56:01.274000Z
1235,1.1655900000000001,1.16563,4500000.0,2250000.0,2018-06-29T12:56:01.792000Z
1236,1.1656,1.16563,1250000.0,2250000.0,2018-06-29T12:56:02.304000Z
1237,1.1655900000000001,1.16562,1200000.0477,1000000.0,2018-06-29T12:56:04.045000Z
1238,1.1656,1.16562,1000000.0,1120000.0048,2018-06-29T12:56:04.999000Z
1239,1.1655900000000001,1.16562,1000000.0,1000000.0,2018-06-29T12:56:05.514000Z
1240,1.16558,1.16562,6559999.9428,1870000.0048,2018-06-29T12:56:06.958000Z
1241,1.16558,1.16562,3190000.0572,2440000.0572,2018-06-29T12:56:09.081000Z
1242,1.16558,1.16562,3190000.0572,1500000.0,2018-06-29T12:56:09.661000Z
1243,1.16558,1.16562,3190000.0572,1690000.0572,2018-06-29T12:56:10.170000Z
1244,1.16558,1.16563,3559999.9428,12859999.6567,2018-06-29T12:56:12.506000Z
1245,1.16558,1.16561,3559999.9428,1250000.0,2018-06-29T12:56:13.357000Z
1246,1.1655900000000001,1.16562,1250000.0,1250000.0,2018-06-29T12:56:13.910000Z
1247,1.1655900000000001,1.16561,1309999.9428,1250000.0,2018-06-29T12:56:14.430000Z
1248,1.1655900000000001,1.16562,1309999.9428,1250000.0,2018-06-29T12:56:14.947000Z
1249,1.1656,1.16562,1120000.0048,1250000.0,2018-06-29T12:56:15.454000Z
1250,1.1655900000000001,1.16561,1620000.0048,1250000.0,2018-06-29T12:56:16.068000Z
1251,1.1655700000000002,1.1656,1950000.0477,3190000.0572,2018-06-29T12:56:17.486000Z
1252,1.1655700000000002,1.1656,1950000.0477,3940000.0572,2018-06-29T12:56:17.539000Z
1253,1.1655600000000002,1.16558,1000000.0,1000000.0,2018-06-29T12:56:17.760000Z
1254,1.1655600000000002,1.1655900000000001,1000000.0,2140000.1049,2018-06-29T12:56:18.275000Z
1255,1.16555,1.1655900000000001,3640000.1049,2140000.1049,2018-06-29T12:56:19.551000Z
1256,1.1655900000000001,1.16561,1000000.0,3640000.1049,2018-06-29T12:56:20.257000Z
1257,1.16558,1.16561,4309999.9428,1309999.9428,2018-06-29T12:56:20.759000Z
1258,1.1656,1.16561,1000000.0,1309999.9428,2018-06-29T12:56:21.097000Z
1259,1.1655900000000001,1.16561,2250000.0,1250000.0,2018-06-29T12:56:21.751000Z
1260,1.1655900000000001,1.16562,1000000.0,3559999.9428,2018-06-29T12:56:22.624000Z
1261,1.1656,1.16562,1000000.0,3190000.0572,2018-06-29T12:56:23.150000Z
1262,1.1655900000000001,1.16562,1000000.0,1570000.0525,2018-06-29T12:56:24.730000Z
1263,1.16558,1.16562,2059999.9428,4159999.8474,2018-06-29T12:56:25.248000Z
1264,1.1655900000000001,1.16561,1309999.9428,2440000.0572,2018-06-29T12:56:25.753000Z
1265,1.1655900000000001,1.16561,1309999.9428,2440000.0572,2018-06-29T12:56:27.746000Z
1266,1.1655700000000002,1.1656,4949999.8093,2440000.0572,2018-06-29T12:56:27.902000Z
1267,1.1655600000000002,1.16558,1870000.0048,1000000.0,2018-06-29T12:56:28.006000Z
1268,1.1655600000000002,1.16558,1190000.0572,1000000.0,2018-06-29T12:56:28.675000Z
1269,1.1655600000000002,1.16558,1000000.0,1000000.0,2018-06-29T12:56:29.196000Z
1270,1.1655600000000002,1.1655900000000001,1690000.0572,2509999.9905,2018-06-29T12:56:31.707000Z
1271,1.16558,1.1656,1870000.0048,1000000.0,2018-06-29T12:56:32.019000Z
1272,1.1655900000000001,1.16561,1309999.9428,3190000.0572,2018-06-29T12:56:32.546000Z
1273,1.1655900000000001,1.16562,3190000.0572,3190000.0572,2018-06-29T12:56:32.651000Z
1274,1.16564,1.16565,2809999.9428,4199999.8093,2018-06-29T12:56:34.062000Z
1275,1.1656700000000002,1.16568,1120000.0048,1870000.0048,2018-06-29T12:56:34.115000Z
1276,1.16568,1.1657,3750000.0,1000000.0,2018-06-29T12:56:34.222000Z
1277,1.1656900000000001,1.16572,3190000.0572,1759999.9905,2018-06-29T12:56:34.276000Z
1278,1.1656700000000002,1.16571,1570000.0525,3450000.0477,2018-06-29T12:56:34.592000Z
1279,1.1656700000000002,1.1657,1500000.0,2250000.0,2018-06-29T12:56:35.191000Z
1280,1.1656700000000002,1.1656900000000001,1370000.0048,1000000.0,2018-06-29T12:56:36.103000Z
1281,1.1656600000000001,1.16568,1120000.0048,1120000.0048,2018-06-29T12:56:36.156000Z
1282,1.16568,1.1657,1120000.0048,4389999.8665,2018-06-29T12:56:36.416000Z
1283,1.16568,1.16571,1690000.0572,2250000.0,2018-06-29T12:56:36.566000Z
1284,1.16568,1.16572,4309999.9428,1500000.0,2018-06-29T12:56:37.089000Z
1285,1.16568,1.1657,1000000.0,2250000.0,2018-06-29T12:56:38.501000Z
1286,1.1656700000000002,1.1657,1120000.0048,5250000.0,2018-06-29T12:56:38.606000Z
1287,1.1656600000000001,1.1656900000000001,1000000.0,8850000.3815,2018-06-29T12:56:39.138000Z
1288,1.1656600000000001,1.16568,1000000.0,5250000.0,2018-06-29T12:56:39.676000Z
1289,1.1656600000000001,1.16568,1309999.9428,2250000.0,2018-06-29T12:56:41.332000Z
1290,1.1656600000000001,1.16568,1120000.0048,5250000.0,2018-06-29T12:56:41.837000Z
1291,1.16565,1.1656900000000001,3000000.0,4500000.0,2018-06-29T12:56:43.747000Z
1292,1.1656700000000002,1.1656900000000001,1000000.0,3000000.0,2018-06-29T12:56:43.799000Z
1293,1.1656600000000001,1.16571,4389999.8665,9640000.3433,2018-06-29T12:56:43.958000Z
1294,1.16568,1.16571,1000000.0,4010000.2289,2018-06-29T12:56:44.561000Z
1295,1.1657,1.16572,1500000.0,1000000.0,2018-06-29T12:56:44.613000Z
1296,1.16574,1.1657700000000002,3369999.8856,2250000.0,2018-06-29T12:56:44.831000Z
1297,1.1657700000000002,1.16578,1000000.0,1000000.0,2018-06-29T12:56:45.063000Z
